symbol,name,ticktime,price,volume,prev_price,kind
sz000021,深科技,2025-10-17 09:25:00,29.45,1511500,0.0,D
sz000021,深科技,2025-10-17 09:30:00,29.52,531500,29.45,U
sz000021,深科技,2025-10-17 09:30:03,29.47,1985200,29.52,D
sz000021,深科技,2025-10-17 09:30:06,29.52,384200,29.47,U
sz000021,深科技,2025-10-17 09:30:09,29.48,98300,29.52,D
sz000021,深科技,2025-10-17 09:30:12,29.45,524800,29.48,D
sz000021,深科技,2025-10-17 09:30:15,29.4,475300,29.45,D
sz000021,深科技,2025-10-17 09:30:18,29.36,221700,29.4,E
sz000021,深科技,2025-10-17 09:30:21,29.35,110800,29.36,D
sz000021,深科技,2025-10-17 09:30:24,29.3,109000,29.35,D
sz000021,深科技,2025-10-17 09:30:27,29.34,257800,29.3,U
sz000021,深科技,2025-10-17 09:30:30,29.36,282133,29.34,U
sz000021,深科技,2025-10-17 09:30:33,29.46,221500,29.36,U
sz000021,深科技,2025-10-17 09:30:36,29.48,155600,29.46,U
sz000021,深科技,2025-10-17 09:30:39,29.47,109100,29.48,D
sz000021,深科技,2025-10-17 09:30:42,29.48,128700,29.47,U
sz000021,深科技,2025-10-17 09:30:45,29.48,68400,29.48,U
sz000021,深科技,2025-10-17 09:30:48,29.46,192700,29.48,D
sz000021,深科技,2025-10-17 09:30:51,29.44,184200,29.46,E
sz000021,深科技,2025-10-17 09:30:54,29.36,225800,29.44,D
sz000021,深科技,2025-10-17 09:30:57,29.38,147300,29.36,E
sz000021,深科技,2025-10-17 09:31:00,29.39,220700,29.38,U
sz000021,深科技,2025-10-17 09:31:03,29.44,146600,29.39,E
sz000021,深科技,2025-10-17 09:31:06,29.62,128900,29.44,U
sz000021,深科技,2025-10-17 09:31:09,29.64,62097,29.62,U
sz000021,深科技,2025-10-17 09:31:12,29.67,60600,29.64,U
sz000021,深科技,2025-10-17 09:31:15,29.67,160100,29.67,U
sz000021,深科技,2025-10-17 09:31:18,29.69,195500,29.67,U
sz000021,深科技,2025-10-17 09:31:21,29.71,83600,29.69,U
sz000021,深科技,2025-10-17 09:31:24,29.74,93000,29.71,U
sz000021,深科技,2025-10-17 09:31:27,29.75,126356,29.74,U
sz000021,深科技,2025-10-17 09:31:30,29.76,228900,29.75,E
sz000021,深科技,2025-10-17 09:31:33,29.78,136900,29.76,E
sz000021,深科技,2025-10-17 09:31:36,29.75,147800,29.78,D
sz000021,深科技,2025-10-17 09:31:39,29.76,251244,29.75,U
sz000021,深科技,2025-10-17 09:31:42,29.82,297952,29.76,U
sz000021,深科技,2025-10-17 09:31:45,29.8,69600,29.82,D
sz000021,深科技,2025-10-17 09:31:48,29.77,67800,29.8,D
sz000021,深科技,2025-10-17 09:31:51,29.76,144000,29.77,D
sz000021,深科技,2025-10-17 09:31:54,29.72,53500,29.76,D
sz000021,深科技,2025-10-17 09:31:57,29.7,89200,29.72,D
sz000021,深科技,2025-10-17 09:32:00,29.66,62500,29.7,D
sz000021,深科技,2025-10-17 09:32:03,29.64,178000,29.66,E
sz000021,深科技,2025-10-17 09:32:06,29.62,83800,29.64,D
sz000021,深科技,2025-10-17 09:32:09,29.62,194800,29.62,U
sz000021,深科技,2025-10-17 09:32:12,29.72,424600,29.62,U
sz000021,深科技,2025-10-17 09:32:15,29.81,217052,29.72,U
sz000021,深科技,2025-10-17 09:32:18,29.87,136702,29.81,U
sz000021,深科技,2025-10-17 09:32:21,29.91,139100,29.87,U
sz000021,深科技,2025-10-17 09:32:24,29.87,60600,29.91,E
sz000021,深科技,2025-10-17 09:32:27,29.86,91100,29.87,E
sz000021,深科技,2025-10-17 09:32:30,29.83,74900,29.86,E
sz000021,深科技,2025-10-17 09:32:33,29.82,85900,29.83,E
sz000021,深科技,2025-10-17 09:32:36,29.82,81500,29.82,U
sz000021,深科技,2025-10-17 09:32:39,29.81,245900,29.82,D
sz000021,深科技,2025-10-17 09:32:42,29.81,96600,29.81,D
sz000021,深科技,2025-10-17 09:32:45,29.79,73700,29.81,E
sz000021,深科技,2025-10-17 09:32:48,29.79,74600,29.79,U
sz000021,深科技,2025-10-17 09:32:51,29.76,41800,29.79,E
sz000021,深科技,2025-10-17 09:32:54,29.71,61300,29.76,E
sz000021,深科技,2025-10-17 09:32:57,29.73,63700,29.71,E
sz000021,深科技,2025-10-17 09:33:00,29.68,47000,29.73,D
sz000021,深科技,2025-10-17 09:33:03,29.68,61600,29.68,U
sz000021,深科技,2025-10-17 09:33:06,29.66,70400,29.68,D
sz000021,深科技,2025-10-17 09:33:09,29.66,58300,29.66,D
sz000021,深科技,2025-10-17 09:33:12,29.64,67500,29.66,D
sz000021,深科技,2025-10-17 09:33:15,29.63,164100,29.64,D
sz000021,深科技,2025-10-17 09:33:18,29.63,84400,29.63,E
sz000021,深科技,2025-10-17 09:33:21,29.66,264900,29.63,U
sz000021,深科技,2025-10-17 09:33:24,29.67,109700,29.66,E
sz000021,深科技,2025-10-17 09:33:27,29.67,110098,29.67,D
sz000021,深科技,2025-10-17 09:33:30,29.67,73900,29.67,U
sz000021,深科技,2025-10-17 09:33:33,29.65,59800,29.67,E
sz000021,深科技,2025-10-17 09:33:36,29.68,130100,29.65,U
sz000021,深科技,2025-10-17 09:33:39,29.74,132067,29.68,U
sz000021,深科技,2025-10-17 09:33:42,29.71,35733,29.74,D
sz000021,深科技,2025-10-17 09:33:45,29.75,47367,29.71,E
sz000021,深科技,2025-10-17 09:33:48,29.77,19800,29.75,U
sz000021,深科技,2025-10-17 09:33:51,29.78,44250,29.77,U
sz000021,深科技,2025-10-17 09:33:54,29.76,48400,29.78,E
sz000021,深科技,2025-10-17 09:33:57,29.78,73800,29.76,U
sz000021,深科技,2025-10-17 09:34:00,29.77,50300,29.78,D
sz000021,深科技,2025-10-17 09:34:03,29.66,110300,29.77,D
sz000021,深科技,2025-10-17 09:34:06,29.67,30100,29.66,D
sz000021,深科技,2025-10-17 09:34:09,29.7,96300,29.67,U
sz000021,深科技,2025-10-17 09:34:12,29.67,30000,29.7,D
sz000021,深科技,2025-10-17 09:34:15,29.68,43500,29.67,U
sz000021,深科技,2025-10-17 09:34:18,29.68,73200,29.68,D
sz000021,深科技,2025-10-17 09:34:21,29.69,61500,29.68,U
sz000021,深科技,2025-10-17 09:34:24,29.68,56200,29.69,D
sz000021,深科技,2025-10-17 09:34:27,29.67,87300,29.68,D
sz000021,深科技,2025-10-17 09:34:30,29.7,138300,29.67,U
sz000021,深科技,2025-10-17 09:34:33,29.74,91400,29.7,E
sz000021,深科技,2025-10-17 09:34:36,29.68,68300,29.74,D
sz000021,深科技,2025-10-17 09:34:39,29.7,55900,29.68,U
sz000021,深科技,2025-10-17 09:34:42,29.74,31100,29.7,U
sz000021,深科技,2025-10-17 09:34:45,29.7,68200,29.74,D
sz000021,深科技,2025-10-17 09:34:48,29.68,58100,29.7,D
sz000021,深科技,2025-10-17 09:34:51,29.69,35700,29.68,U
sz000021,深科技,2025-10-17 09:34:54,29.68,58500,29.69,D
sz000021,深科技,2025-10-17 09:34:57,29.67,80300,29.68,D
sz000021,深科技,2025-10-17 09:35:00,29.67,63300,29.67,D
sz000021,深科技,2025-10-17 09:35:03,29.63,184750,29.67,D
sz000021,深科技,2025-10-17 09:35:06,29.59,187600,29.63,D
sz000021,深科技,2025-10-17 09:35:09,29.53,44600,29.59,D
sz000021,深科技,2025-10-17 09:35:12,29.52,20500,29.53,D
sz000021,深科技,2025-10-17 09:35:15,29.52,168200,29.52,D
sz000021,深科技,2025-10-17 09:35:18,29.49,80600,29.52,E
sz000021,深科技,2025-10-17 09:35:21,29.52,195700,29.49,U
sz000021,深科技,2025-10-17 09:35:24,29.51,91500,29.52,D
sz000021,深科技,2025-10-17 09:35:27,29.5,108900,29.51,D
sz000021,深科技,2025-10-17 09:35:30,29.51,70700,29.5,U
sz000021,深科技,2025-10-17 09:35:33,29.51,174600,29.51,U
sz000021,深科技,2025-10-17 09:35:36,29.51,68800,29.51,D
sz000021,深科技,2025-10-17 09:35:39,29.56,66500,29.51,E
sz000021,深科技,2025-10-17 09:35:42,29.57,94500,29.56,E
sz000021,深科技,2025-10-17 09:35:45,29.6,101500,29.57,U
sz000021,深科技,2025-10-17 09:35:48,29.58,54000,29.6,D
sz000021,深科技,2025-10-17 09:35:51,29.58,42700,29.58,D
sz000021,深科技,2025-10-17 09:35:54,29.58,58300,29.58,U
sz000021,深科技,2025-10-17 09:35:57,29.59,35400,29.58,D
sz000021,深科技,2025-10-17 09:36:00,29.58,56600,29.59,D
sz000021,深科技,2025-10-17 09:36:03,29.59,78800,29.58,U
sz000021,深科技,2025-10-17 09:36:06,29.57,91400,29.59,D
sz000021,深科技,2025-10-17 09:36:09,29.56,47100,29.57,E
sz000021,深科技,2025-10-17 09:36:12,29.57,40400,29.56,U
sz000021,深科技,2025-10-17 09:36:15,29.53,51000,29.57,E
sz000021,深科技,2025-10-17 09:36:18,29.55,85900,29.53,E
sz000021,深科技,2025-10-17 09:36:21,29.53,34300,29.55,D
sz000021,深科技,2025-10-17 09:36:24,29.57,59600,29.53,U
sz000021,深科技,2025-10-17 09:36:27,29.62,92800,29.57,U
sz000021,深科技,2025-10-17 09:36:30,29.66,77500,29.62,U
sz000021,深科技,2025-10-17 09:36:33,29.65,63800,29.66,D
sz000021,深科技,2025-10-17 09:36:36,29.68,90800,29.65,U
sz000021,深科技,2025-10-17 09:36:39,29.7,23800,29.68,U
sz000021,深科技,2025-10-17 09:36:42,29.7,26666,29.7,D
sz000021,深科技,2025-10-17 09:36:45,29.71,35200,29.7,E
sz000021,深科技,2025-10-17 09:36:48,29.74,37700,29.71,U
sz000021,深科技,2025-10-17 09:36:51,29.75,83100,29.74,U
sz000021,深科技,2025-10-17 09:36:54,29.74,71300,29.75,D
sz000021,深科技,2025-10-17 09:36:57,29.72,116034,29.74,E
sz000021,深科技,2025-10-17 09:37:00,29.66,91000,29.72,D
sz000021,深科技,2025-10-17 09:37:03,29.69,33800,29.66,U
sz000021,深科技,2025-10-17 09:37:06,29.69,81400,29.69,U
sz000021,深科技,2025-10-17 09:37:09,29.7,55100,29.69,E
sz000021,深科技,2025-10-17 09:37:12,29.7,53900,29.7,D
sz000021,深科技,2025-10-17 09:37:15,29.65,49100,29.7,D
sz000021,深科技,2025-10-17 09:37:18,29.65,42600,29.65,U
sz000021,深科技,2025-10-17 09:37:21,29.62,28000,29.65,D
sz000021,深科技,2025-10-17 09:37:24,29.62,29800,29.62,U
sz000021,深科技,2025-10-17 09:37:27,29.61,38500,29.62,D
sz000021,深科技,2025-10-17 09:37:30,29.61,77200,29.61,U
sz000021,深科技,2025-10-17 09:37:33,29.61,86300,29.61,U
sz000021,深科技,2025-10-17 09:37:36,29.6,50100,29.61,D
sz000021,深科技,2025-10-17 09:37:39,29.64,86700,29.6,U
sz000021,深科技,2025-10-17 09:37:42,29.61,73100,29.64,D
sz000021,深科技,2025-10-17 09:37:45,29.64,21800,29.61,U
sz000021,深科技,2025-10-17 09:37:48,29.67,100000,29.64,U
sz000021,深科技,2025-10-17 09:37:51,29.65,30200,29.67,D
sz000021,深科技,2025-10-17 09:37:54,29.65,27800,29.65,U
sz000021,深科技,2025-10-17 09:37:57,29.65,36700,29.65,D
sz000021,深科技,2025-10-17 09:38:00,29.66,52681,29.65,E
sz000021,深科技,2025-10-17 09:38:03,29.65,121000,29.66,D
sz000021,深科技,2025-10-17 09:38:06,29.65,50100,29.65,U
sz000021,深科技,2025-10-17 09:38:09,29.61,88000,29.65,D
sz000021,深科技,2025-10-17 09:38:12,29.6,197600,29.61,D
sz000021,深科技,2025-10-17 09:38:15,29.59,250400,29.6,E
sz000021,深科技,2025-10-17 09:38:18,29.5,114600,29.59,D
sz000021,深科技,2025-10-17 09:38:21,29.5,178200,29.5,D
sz000021,深科技,2025-10-17 09:38:24,29.49,116200,29.5,D
sz000021,深科技,2025-10-17 09:38:27,29.46,213000,29.49,D
sz000021,深科技,2025-10-17 09:38:30,29.4,111700,29.46,D
sz000021,深科技,2025-10-17 09:38:33,29.42,88900,29.4,U
sz000021,深科技,2025-10-17 09:38:36,29.41,321500,29.42,D
sz000021,深科技,2025-10-17 09:38:39,29.4,206200,29.41,D
sz000021,深科技,2025-10-17 09:38:42,29.4,99600,29.4,U
sz000021,深科技,2025-10-17 09:38:45,29.33,108500,29.4,D
sz000021,深科技,2025-10-17 09:38:48,29.33,198800,29.33,D
sz000021,深科技,2025-10-17 09:38:51,29.32,158300,29.33,D
sz000021,深科技,2025-10-17 09:38:54,29.3,378200,29.32,D
sz000021,深科技,2025-10-17 09:38:57,29.29,154400,29.3,D
sz000021,深科技,2025-10-17 09:39:00,29.25,148800,29.29,D
sz000021,深科技,2025-10-17 09:39:03,29.22,102000,29.25,D
sz000021,深科技,2025-10-17 09:39:06,29.22,227300,29.22,D
sz000021,深科技,2025-10-17 09:39:09,29.22,279800,29.22,D
sz000021,深科技,2025-10-17 09:39:12,29.18,239600,29.22,D
sz000021,深科技,2025-10-17 09:39:15,29.19,123000,29.18,U
sz000021,深科技,2025-10-17 09:39:18,29.22,242539,29.19,U
sz000021,深科技,2025-10-17 09:39:21,29.22,146500,29.22,D
sz000021,深科技,2025-10-17 09:39:24,29.22,143800,29.22,D
sz000021,深科技,2025-10-17 09:39:27,29.2,169700,29.22,D
sz000021,深科技,2025-10-17 09:39:30,29.22,92500,29.2,U
sz000021,深科技,2025-10-17 09:39:33,29.21,183500,29.22,E
sz000021,深科技,2025-10-17 09:39:36,29.21,154600,29.21,D
sz000021,深科技,2025-10-17 09:39:39,29.22,97300,29.21,U
sz000021,深科技,2025-10-17 09:39:42,29.2,76131,29.22,D
sz000021,深科技,2025-10-17 09:39:45,29.21,100600,29.2,U
sz000021,深科技,2025-10-17 09:39:48,29.19,148069,29.21,D
sz000021,深科技,2025-10-17 09:39:51,29.18,111300,29.19,D
sz000021,深科技,2025-10-17 09:39:54,29.18,82600,29.18,D
sz000021,深科技,2025-10-17 09:39:57,29.18,149200,29.18,D
sz000021,深科技,2025-10-17 09:40:00,29.15,108400,29.18,D
sz000021,深科技,2025-10-17 09:40:03,29.12,61100,29.15,D
sz000021,深科技,2025-10-17 09:40:06,29.12,72400,29.12,D
sz000021,深科技,2025-10-17 09:40:09,29.12,161700,29.12,D
sz000021,深科技,2025-10-17 09:40:12,29.1,131000,29.12,D
sz000021,深科技,2025-10-17 09:40:15,29.08,73200,29.1,D
sz000021,深科技,2025-10-17 09:40:18,29.08,102600,29.08,D
sz000021,深科技,2025-10-17 09:40:21,29.06,54700,29.08,D
sz000021,深科技,2025-10-17 09:40:24,29.04,201100,29.06,D
sz000021,深科技,2025-10-17 09:40:27,29.03,136900,29.04,D
sz000021,深科技,2025-10-17 09:40:30,29.03,340600,29.03,D
sz000021,深科技,2025-10-17 09:40:33,29.02,260200,29.03,D
sz000021,深科技,2025-10-17 09:40:36,29.01,308800,29.02,D
sz000021,深科技,2025-10-17 09:40:39,29.01,161400,29.01,D
sz000021,深科技,2025-10-17 09:40:42,29.01,251400,29.01,U
sz000021,深科技,2025-10-17 09:40:45,29.0,429400,29.01,D
sz000021,深科技,2025-10-17 09:40:48,29.0,227500,29.0,D
sz000021,深科技,2025-10-17 09:40:51,29.02,365900,29.0,U
sz000021,深科技,2025-10-17 09:40:54,29.03,197519,29.02,U
sz000021,深科技,2025-10-17 09:40:57,29.08,164600,29.03,U
sz000021,深科技,2025-10-17 09:41:00,29.08,79900,29.08,D
sz000021,深科技,2025-10-17 09:41:03,28.97,561681,29.08,D
sz000021,深科技,2025-10-17 09:41:06,29.01,130400,28.97,E
sz000021,深科技,2025-10-17 09:41:09,29.01,88500,29.01,U
sz000021,深科技,2025-10-17 09:41:12,29.03,160300,29.01,E
sz000021,深科技,2025-10-17 09:41:15,29.02,87000,29.03,E
sz000021,深科技,2025-10-17 09:41:18,29.02,94400,29.02,D
sz000021,深科技,2025-10-17 09:41:21,29.06,98000,29.02,U
sz000021,深科技,2025-10-17 09:41:24,29.05,46900,29.06,D
sz000021,深科技,2025-10-17 09:41:27,29.04,121700,29.05,D
sz000021,深科技,2025-10-17 09:41:30,29.07,120100,29.04,U
sz000021,深科技,2025-10-17 09:41:33,29.07,127800,29.07,D
sz000021,深科技,2025-10-17 09:41:36,29.05,64500,29.07,D
sz000021,深科技,2025-10-17 09:41:39,29.03,26400,29.05,D
sz000021,深科技,2025-10-17 09:41:42,29.03,77700,29.03,U
sz000021,深科技,2025-10-17 09:41:45,29.02,113600,29.03,D
sz000021,深科技,2025-10-17 09:41:48,29.01,69800,29.02,D
sz000021,深科技,2025-10-17 09:41:51,29.01,68105,29.01,D
sz000021,深科技,2025-10-17 09:41:54,29.0,167400,29.01,D
sz000021,深科技,2025-10-17 09:41:57,29.0,104595,29.0,D
sz000021,深科技,2025-10-17 09:42:00,28.99,78600,29.0,D
sz000021,深科技,2025-10-17 09:42:03,28.94,269300,28.99,D
sz000021,深科技,2025-10-17 09:42:06,28.93,65200,28.94,D
sz000021,深科技,2025-10-17 09:42:09,28.91,117800,28.93,D
sz000021,深科技,2025-10-17 09:42:12,28.91,79600,28.91,U
sz000021,深科技,2025-10-17 09:42:15,28.88,170500,28.91,D
sz000021,深科技,2025-10-17 09:42:18,28.88,182800,28.88,D
sz000021,深科技,2025-10-17 09:42:21,28.87,67000,28.88,D
sz000021,深科技,2025-10-17 09:42:24,28.86,52500,28.87,D
sz000021,深科技,2025-10-17 09:42:27,28.82,313000,28.86,D
sz000021,深科技,2025-10-17 09:42:30,28.82,107101,28.82,D
sz000021,深科技,2025-10-17 09:42:33,28.8,157799,28.82,D
sz000021,深科技,2025-10-17 09:42:36,28.75,130400,28.8,D
sz000021,深科技,2025-10-17 09:42:39,28.75,186119,28.75,D
sz000021,深科技,2025-10-17 09:42:42,28.7,284400,28.75,D
sz000021,深科技,2025-10-17 09:42:45,28.71,233600,28.7,D
sz000021,深科技,2025-10-17 09:42:48,28.73,208400,28.71,U
sz000021,深科技,2025-10-17 09:42:51,28.8,319800,28.73,U
sz000021,深科技,2025-10-17 09:42:54,28.77,157300,28.8,E
sz000021,深科技,2025-10-17 09:42:57,28.79,57300,28.77,U
sz000021,深科技,2025-10-17 09:43:00,28.77,127501,28.79,D
sz000021,深科技,2025-10-17 09:43:03,28.8,97600,28.77,U
sz000021,深科技,2025-10-17 09:43:06,28.81,113500,28.8,U
sz000021,深科技,2025-10-17 09:43:09,28.82,162300,28.81,U
sz000021,深科技,2025-10-17 09:43:12,28.84,28900,28.82,E
sz000021,深科技,2025-10-17 09:43:15,28.87,127300,28.84,U
sz000021,深科技,2025-10-17 09:43:18,28.89,76800,28.87,U
sz000021,深科技,2025-10-17 09:43:21,28.85,97200,28.89,D
sz000021,深科技,2025-10-17 09:43:24,28.85,293600,28.85,D
sz000021,深科技,2025-10-17 09:43:27,28.85,78600,28.85,U
sz000021,深科技,2025-10-17 09:43:30,28.85,157900,28.85,U
sz000021,深科技,2025-10-17 09:43:33,28.86,48200,28.85,E
sz000021,深科技,2025-10-17 09:43:36,28.87,176500,28.86,D
sz000021,深科技,2025-10-17 09:43:39,28.87,112200,28.87,E
sz000021,深科技,2025-10-17 09:43:42,28.87,96400,28.87,D
sz000021,深科技,2025-10-17 09:43:45,28.9,78300,28.87,U
sz000021,深科技,2025-10-17 09:43:48,28.87,236300,28.9,D
sz000021,深科技,2025-10-17 09:43:51,28.9,69000,28.87,U
sz000021,深科技,2025-10-17 09:43:54,28.89,65000,28.9,E
sz000021,深科技,2025-10-17 09:43:57,28.89,108500,28.89,U
sz000021,深科技,2025-10-17 09:44:00,28.89,60500,28.89,D
sz000021,深科技,2025-10-17 09:44:03,28.89,89200,28.89,D
sz000021,深科技,2025-10-17 09:44:06,28.89,72800,28.89,D
sz000021,深科技,2025-10-17 09:44:09,28.88,24100,28.89,D
sz000021,深科技,2025-10-17 09:44:12,28.82,133100,28.88,D
sz000021,深科技,2025-10-17 09:44:15,28.79,146700,28.82,D
sz000021,深科技,2025-10-17 09:44:18,28.77,65700,28.79,D
sz000021,深科技,2025-10-17 09:44:21,28.72,153099,28.77,D
sz000021,深科技,2025-10-17 09:44:24,28.75,83301,28.72,U
sz000021,深科技,2025-10-17 09:44:27,28.75,81100,28.75,U
sz000021,深科技,2025-10-17 09:44:30,28.77,193000,28.75,U
sz000021,深科技,2025-10-17 09:44:33,28.78,243900,28.77,E
sz000021,深科技,2025-10-17 09:44:36,28.85,125300,28.78,U
sz000021,深科技,2025-10-17 09:44:39,28.83,75800,28.85,E
sz000021,深科技,2025-10-17 09:44:42,28.85,101200,28.83,U
sz000021,深科技,2025-10-17 09:44:45,28.81,105250,28.85,D
sz000021,深科技,2025-10-17 09:44:48,28.82,18000,28.81,U
sz000021,深科技,2025-10-17 09:44:51,28.81,72300,28.82,D
sz000021,深科技,2025-10-17 09:44:54,28.82,79500,28.81,U
sz000021,深科技,2025-10-17 09:44:57,28.81,48000,28.82,D
sz000021,深科技,2025-10-17 09:45:00,28.82,127004,28.81,U
sz000021,深科技,2025-10-17 09:45:03,28.85,420438,28.82,U
sz000021,深科技,2025-10-17 09:45:06,28.86,43100,28.85,E
sz000021,深科技,2025-10-17 09:45:09,28.86,31800,28.86,D
sz000021,深科技,2025-10-17 09:45:12,28.86,26000,28.86,D
sz000021,深科技,2025-10-17 09:45:15,28.86,75200,28.86,U
sz000021,深科技,2025-10-17 09:45:18,28.86,192500,28.86,D
sz000021,深科技,2025-10-17 09:45:21,28.8,185500,28.86,D
sz000021,深科技,2025-10-17 09:45:24,28.76,130496,28.8,D
sz000021,深科技,2025-10-17 09:45:27,28.75,65100,28.76,D
sz000021,深科技,2025-10-17 09:45:30,28.74,76100,28.75,D
sz000021,深科技,2025-10-17 09:45:33,28.73,50300,28.74,D
sz000021,深科技,2025-10-17 09:45:36,28.72,200000,28.73,D
sz000021,深科技,2025-10-17 09:45:39,28.72,127100,28.72,U
sz000021,深科技,2025-10-17 09:45:42,28.7,243599,28.72,D
sz000021,深科技,2025-10-17 09:45:45,28.69,298200,28.7,D
sz000021,深科技,2025-10-17 09:45:48,28.7,171601,28.69,U
sz000021,深科技,2025-10-17 09:45:51,28.67,110899,28.7,D
sz000021,深科技,2025-10-17 09:45:54,28.66,67800,28.67,D
sz000021,深科技,2025-10-17 09:45:57,28.67,106200,28.66,E
sz000021,深科技,2025-10-17 09:46:00,28.67,153600,28.67,D
sz000021,深科技,2025-10-17 09:46:03,28.66,97100,28.67,D
sz000021,深科技,2025-10-17 09:46:06,28.66,142600,28.66,U
sz000021,深科技,2025-10-17 09:46:09,28.65,102800,28.66,D
sz000021,深科技,2025-10-17 09:46:12,28.64,227400,28.65,D
sz000021,深科技,2025-10-17 09:46:15,28.6,50200,28.64,D
sz000021,深科技,2025-10-17 09:46:18,28.59,187781,28.6,D
sz000021,深科技,2025-10-17 09:46:21,28.59,75700,28.59,U
sz000021,深科技,2025-10-17 09:46:24,28.56,88800,28.59,D
sz000021,深科技,2025-10-17 09:46:27,28.56,182800,28.56,D
sz000021,深科技,2025-10-17 09:46:30,28.56,145000,28.56,U
sz000021,深科技,2025-10-17 09:46:33,28.53,192200,28.56,D
sz000021,深科技,2025-10-17 09:46:36,28.51,145800,28.53,E
sz000021,深科技,2025-10-17 09:46:39,28.51,156300,28.51,D
sz000021,深科技,2025-10-17 09:46:42,28.51,440201,28.51,U
sz000021,深科技,2025-10-17 09:46:45,28.53,319000,28.51,E
sz000021,深科技,2025-10-17 09:46:48,28.59,123400,28.53,U
sz000021,深科技,2025-10-17 09:46:51,28.56,152619,28.59,D
sz000021,深科技,2025-10-17 09:46:54,28.6,105800,28.56,U
sz000021,深科技,2025-10-17 09:46:57,28.56,133612,28.6,D
sz000021,深科技,2025-10-17 09:47:00,28.57,46900,28.56,E
sz000021,深科技,2025-10-17 09:47:03,28.57,57800,28.57,E
sz000021,深科技,2025-10-17 09:47:06,28.6,71000,28.57,U
sz000021,深科技,2025-10-17 09:47:09,28.61,73700,28.6,U
sz000021,深科技,2025-10-17 09:47:12,28.57,84300,28.61,E
sz000021,深科技,2025-10-17 09:47:15,28.6,118900,28.57,U
sz000021,深科技,2025-10-17 09:47:18,28.6,67400,28.6,U
sz000021,深科技,2025-10-17 09:47:21,28.6,52535,28.6,U
sz000021,深科技,2025-10-17 09:47:24,28.61,57800,28.6,U
sz000021,深科技,2025-10-17 09:47:27,28.6,107200,28.61,D
sz000021,深科技,2025-10-17 09:47:30,28.61,87365,28.6,U
sz000021,深科技,2025-10-17 09:47:33,28.6,122100,28.61,D
sz000021,深科技,2025-10-17 09:47:36,28.6,152600,28.6,D
sz000021,深科技,2025-10-17 09:47:39,28.6,64700,28.6,U
sz000021,深科技,2025-10-17 09:47:42,28.6,121600,28.6,U
sz000021,深科技,2025-10-17 09:47:45,28.62,121200,28.6,U
sz000021,深科技,2025-10-17 09:47:48,28.62,40800,28.62,U
sz000021,深科技,2025-10-17 09:47:51,28.62,36900,28.62,U
sz000021,深科技,2025-10-17 09:47:54,28.63,72100,28.62,U
sz000021,深科技,2025-10-17 09:47:57,28.63,69400,28.63,U
sz000021,深科技,2025-10-17 09:48:00,28.63,76035,28.63,U
sz000021,深科技,2025-10-17 09:48:03,28.63,52400,28.63,D
sz000021,深科技,2025-10-17 09:48:06,28.6,332665,28.63,D
sz000021,深科技,2025-10-17 09:48:09,28.59,32800,28.6,E
sz000021,深科技,2025-10-17 09:48:12,28.55,56400,28.59,D
sz000021,深科技,2025-10-17 09:48:15,28.57,106400,28.55,U
sz000021,深科技,2025-10-17 09:48:18,28.55,107300,28.57,D
sz000021,深科技,2025-10-17 09:48:21,28.55,71100,28.55,U
sz000021,深科技,2025-10-17 09:48:24,28.53,106600,28.55,D
sz000021,深科技,2025-10-17 09:48:27,28.53,85000,28.53,U
sz000021,深科技,2025-10-17 09:48:30,28.51,104100,28.53,D
sz000021,深科技,2025-10-17 09:48:33,28.51,137300,28.51,D
sz000021,深科技,2025-10-17 09:48:36,28.5,68600,28.51,D
sz000021,深科技,2025-10-17 09:48:39,28.51,158200,28.5,U
sz000021,深科技,2025-10-17 09:48:42,28.51,167300,28.51,U
sz000021,深科技,2025-10-17 09:48:45,28.49,224000,28.51,D
sz000021,深科技,2025-10-17 09:48:48,28.48,46100,28.49,D
sz000021,深科技,2025-10-17 09:48:51,28.48,78700,28.48,D
sz000021,深科技,2025-10-17 09:48:54,28.48,140300,28.48,U
sz000021,深科技,2025-10-17 09:48:57,28.48,84700,28.48,U
sz000021,深科技,2025-10-17 09:49:00,28.47,132300,28.48,U
sz000021,深科技,2025-10-17 09:49:03,28.51,245800,28.47,U
sz000021,深科技,2025-10-17 09:49:06,28.57,59700,28.51,U
sz000021,深科技,2025-10-17 09:49:09,28.57,45800,28.57,D
sz000021,深科技,2025-10-17 09:49:12,28.59,99100,28.57,U
sz000021,深科技,2025-10-17 09:49:15,28.7,111200,28.59,U
sz000021,深科技,2025-10-17 09:49:18,28.71,30300,28.7,U
sz000021,深科技,2025-10-17 09:49:21,28.76,122000,28.71,U
sz000021,深科技,2025-10-17 09:49:24,28.74,80288,28.76,D
sz000021,深科技,2025-10-17 09:49:27,28.74,104412,28.74,E
sz000021,深科技,2025-10-17 09:49:30,28.75,73100,28.74,U
sz000021,深科技,2025-10-17 09:49:33,28.75,84800,28.75,U
sz000021,深科技,2025-10-17 09:49:36,28.74,57500,28.75,D
sz000021,深科技,2025-10-17 09:49:39,28.74,131900,28.74,U
sz000021,深科技,2025-10-17 09:49:42,28.74,33900,28.74,E
sz000021,深科技,2025-10-17 09:49:45,28.77,77200,28.74,U
sz000021,深科技,2025-10-17 09:49:48,28.77,40600,28.77,D
sz000021,深科技,2025-10-17 09:49:51,28.76,33700,28.77,E
sz000021,深科技,2025-10-17 09:49:54,28.77,34600,28.76,U
sz000021,深科技,2025-10-17 09:49:57,28.77,60800,28.77,D
sz000021,深科技,2025-10-17 09:50:00,28.76,141800,28.77,D
sz000021,深科技,2025-10-17 09:50:03,28.76,93400,28.76,U
sz000021,深科技,2025-10-17 09:50:06,28.75,33600,28.76,D
sz000021,深科技,2025-10-17 09:50:09,28.73,55900,28.75,D
sz000021,深科技,2025-10-17 09:50:12,28.72,28800,28.73,E
sz000021,深科技,2025-10-17 09:50:15,28.7,66800,28.72,E
sz000021,深科技,2025-10-17 09:50:18,28.72,45900,28.7,U
sz000021,深科技,2025-10-17 09:50:21,28.7,86400,28.72,D
sz000021,深科技,2025-10-17 09:50:24,28.7,40100,28.7,D
sz000021,深科技,2025-10-17 09:50:27,28.7,40300,28.7,U
sz000021,深科技,2025-10-17 09:50:30,28.67,117800,28.7,D
sz000021,深科技,2025-10-17 09:50:33,28.66,42100,28.67,D
sz000021,深科技,2025-10-17 09:50:36,28.65,32000,28.66,D
sz000021,深科技,2025-10-17 09:50:39,28.64,23900,28.65,E
sz000021,深科技,2025-10-17 09:50:42,28.63,35400,28.64,D
sz000021,深科技,2025-10-17 09:50:45,28.61,25800,28.63,D
sz000021,深科技,2025-10-17 09:50:48,28.59,70500,28.61,D
sz000021,深科技,2025-10-17 09:50:51,28.58,109700,28.59,D
sz000021,深科技,2025-10-17 09:50:54,28.56,58000,28.58,D
sz000021,深科技,2025-10-17 09:50:57,28.55,28868,28.56,D
sz000021,深科技,2025-10-17 09:51:00,28.55,69300,28.55,D
sz000021,深科技,2025-10-17 09:51:03,28.55,61632,28.55,D
sz000021,深科技,2025-10-17 09:51:06,28.55,64068,28.55,U
sz000021,深科技,2025-10-17 09:51:09,28.56,49200,28.55,E
sz000021,深科技,2025-10-17 09:51:12,28.61,13900,28.56,U
sz000021,深科技,2025-10-17 09:51:15,28.56,33600,28.61,D
sz000021,深科技,2025-10-17 09:51:18,28.56,47700,28.56,U
sz000021,深科技,2025-10-17 09:51:21,28.56,38000,28.56,U
sz000021,深科技,2025-10-17 09:51:24,28.57,60300,28.56,U
sz000021,深科技,2025-10-17 09:51:27,28.56,85700,28.57,D
sz000021,深科技,2025-10-17 09:51:30,28.56,103100,28.56,D
sz000021,深科技,2025-10-17 09:51:33,28.57,69000,28.56,E
sz000021,深科技,2025-10-17 09:51:36,28.56,100000,28.57,D
sz000021,深科技,2025-10-17 09:51:39,28.56,56000,28.56,U
sz000021,深科技,2025-10-17 09:51:42,28.55,37000,28.56,D
sz000021,深科技,2025-10-17 09:51:45,28.54,83100,28.55,D
sz000021,深科技,2025-10-17 09:51:48,28.54,31900,28.54,U
sz000021,深科技,2025-10-17 09:51:51,28.53,80832,28.54,D
sz000021,深科技,2025-10-17 09:51:54,28.52,39606,28.53,D
sz000021,深科技,2025-10-17 09:51:57,28.51,28500,28.52,D
sz000021,深科技,2025-10-17 09:52:00,28.51,96800,28.51,D
sz000021,深科技,2025-10-17 09:52:03,28.5,42600,28.51,D
sz000021,深科技,2025-10-17 09:52:06,28.5,124900,28.5,D
sz000021,深科技,2025-10-17 09:52:09,28.55,226300,28.5,U
sz000021,深科技,2025-10-17 09:52:12,28.57,17000,28.55,U
sz000021,深科技,2025-10-17 09:52:15,28.58,35700,28.57,E
sz000021,深科技,2025-10-17 09:52:18,28.61,95800,28.58,U
sz000021,深科技,2025-10-17 09:52:21,28.62,19900,28.61,U
sz000021,深科技,2025-10-17 09:52:24,28.65,12834,28.62,U
sz000021,深科技,2025-10-17 09:52:27,28.62,166066,28.65,D
sz000021,深科技,2025-10-17 09:52:30,28.65,28634,28.62,U
sz000021,深科技,2025-10-17 09:52:33,28.67,25766,28.65,U
sz000021,深科技,2025-10-17 09:52:36,28.63,75100,28.67,D
sz000021,深科技,2025-10-17 09:52:39,28.63,64600,28.63,D
sz000021,深科技,2025-10-17 09:52:42,28.63,59300,28.63,U
sz000021,深科技,2025-10-17 09:52:45,28.63,87500,28.63,D
sz000021,深科技,2025-10-17 09:52:48,28.66,43200,28.63,E
sz000021,深科技,2025-10-17 09:52:51,28.63,52800,28.66,D
sz000021,深科技,2025-10-17 09:52:54,28.65,60000,28.63,U
sz000021,深科技,2025-10-17 09:52:57,28.65,31000,28.65,U
sz000021,深科技,2025-10-17 09:53:00,28.63,81100,28.65,E
sz000021,深科技,2025-10-17 09:53:03,28.65,22900,28.63,U
sz000021,深科技,2025-10-17 09:53:06,28.65,26900,28.65,U
sz000021,深科技,2025-10-17 09:53:09,28.65,18200,28.65,U
sz000021,深科技,2025-10-17 09:53:15,28.67,37300,28.68,D
sz000021,深科技,2025-10-17 09:53:18,28.68,41500,28.67,U
sz000021,深科技,2025-10-17 09:53:21,28.67,18300,28.68,D
sz000021,深科技,2025-10-17 09:53:24,28.68,50900,28.67,U
sz000021,深科技,2025-10-17 09:53:27,28.68,110400,28.68,D
sz000021,深科技,2025-10-17 09:53:30,28.66,150200,28.68,D
sz000021,深科技,2025-10-17 09:53:33,28.65,19400,28.66,E
sz000021,深科技,2025-10-17 09:53:36,28.61,73800,28.65,D
sz000021,深科技,2025-10-17 09:53:39,28.6,51300,28.61,D
sz000021,深科技,2025-10-17 09:53:42,28.6,46000,28.6,D
sz000021,深科技,2025-10-17 09:53:45,28.63,56300,28.6,E
sz000021,深科技,2025-10-17 09:53:48,28.6,42000,28.63,D
sz000021,深科技,2025-10-17 09:53:51,28.6,48100,28.6,U
sz000021,深科技,2025-10-17 09:53:54,28.6,25900,28.6,U
sz000021,深科技,2025-10-17 09:53:57,28.6,111500,28.6,D
sz000021,深科技,2025-10-17 09:54:00,28.59,158900,28.6,E
sz000021,深科技,2025-10-17 09:54:03,28.54,36300,28.59,E
sz000021,深科技,2025-10-17 09:54:06,28.53,21200,28.54,D
sz000021,深科技,2025-10-17 09:54:09,28.51,61400,28.53,D
sz000021,深科技,2025-10-17 09:54:12,28.53,71700,28.51,U
sz000021,深科技,2025-10-17 09:54:15,28.51,29700,28.53,D
sz000021,深科技,2025-10-17 09:54:18,28.51,54700,28.51,D
sz000021,深科技,2025-10-17 09:54:21,28.52,76800,28.51,U
sz000021,深科技,2025-10-17 09:54:24,28.53,21200,28.52,E
sz000021,深科技,2025-10-17 09:54:27,28.56,55800,28.53,U
sz000021,深科技,2025-10-17 09:54:30,28.56,18000,28.56,D
sz000021,深科技,2025-10-17 09:54:33,28.57,18900,28.56,U
sz000021,深科技,2025-10-17 09:54:36,28.55,34100,28.57,D
sz000021,深科技,2025-10-17 09:54:39,28.55,26400,28.55,D
sz000021,深科技,2025-10-17 09:54:42,28.56,25400,28.55,U
sz000021,深科技,2025-10-17 09:54:45,28.54,50100,28.56,D
sz000021,深科技,2025-10-17 09:54:48,28.54,39100,28.54,D
sz000021,深科技,2025-10-17 09:54:51,28.54,34300,28.54,U
sz000021,深科技,2025-10-17 09:54:54,28.54,39800,28.54,D
sz000021,深科技,2025-10-17 09:54:57,28.54,61200,28.54,U
sz000021,深科技,2025-10-17 09:55:00,28.54,27400,28.54,D
sz000021,深科技,2025-10-17 09:55:03,28.54,43700,28.54,D
sz000021,深科技,2025-10-17 09:55:06,28.54,55100,28.54,U
sz000021,深科技,2025-10-17 09:55:09,28.53,32500,28.54,E
sz000021,深科技,2025-10-17 09:55:12,28.53,29800,28.53,U
sz000021,深科技,2025-10-17 09:55:15,28.53,49600,28.53,D
sz000021,深科技,2025-10-17 09:55:18,28.52,45000,28.53,D
sz000021,深科技,2025-10-17 09:55:21,28.52,195900,28.52,D
sz000021,深科技,2025-10-17 09:55:24,28.52,72000,28.52,U
sz000021,深科技,2025-10-17 09:55:27,28.5,66000,28.52,D
sz000021,深科技,2025-10-17 09:55:30,28.52,69300,28.5,U
sz000021,深科技,2025-10-17 09:55:33,28.51,29800,28.52,D
sz000021,深科技,2025-10-17 09:55:36,28.52,34300,28.51,D
sz000021,深科技,2025-10-17 09:55:39,28.51,28400,28.52,D
sz000021,深科技,2025-10-17 09:55:42,28.51,40400,28.51,D
sz000021,深科技,2025-10-17 09:55:45,28.51,69600,28.51,U
sz000021,深科技,2025-10-17 09:55:48,28.51,65400,28.51,U
sz000021,深科技,2025-10-17 09:55:51,28.51,39931,28.51,D
sz000021,深科技,2025-10-17 09:55:54,28.51,145800,28.51,U
sz000021,深科技,2025-10-17 09:55:57,28.5,61700,28.51,D
sz000021,深科技,2025-10-17 09:56:00,28.51,53600,28.5,U
sz000021,深科技,2025-10-17 09:56:03,28.46,673263,28.51,D
sz000021,深科技,2025-10-17 09:56:06,28.44,144300,28.46,D
sz000021,深科技,2025-10-17 09:56:09,28.45,15600,28.44,U
sz000021,深科技,2025-10-17 09:56:12,28.43,71200,28.45,D
sz000021,深科技,2025-10-17 09:56:15,28.42,27700,28.43,D
sz000021,深科技,2025-10-17 09:56:18,28.42,82700,28.42,U
sz000021,深科技,2025-10-17 09:56:21,28.41,183500,28.42,U
sz000021,深科技,2025-10-17 09:56:24,28.39,104300,28.41,D
sz000021,深科技,2025-10-17 09:56:27,28.38,61700,28.39,D
sz000021,深科技,2025-10-17 09:56:30,28.4,121000,28.38,U
sz000021,深科技,2025-10-17 09:56:33,28.39,76200,28.4,D
sz000021,深科技,2025-10-17 09:56:36,28.38,163100,28.39,D
sz000021,深科技,2025-10-17 09:56:39,28.35,89200,28.38,D
sz000021,深科技,2025-10-17 09:56:42,28.38,155900,28.35,U
sz000021,深科技,2025-10-17 09:56:45,28.34,41900,28.38,D
sz000021,深科技,2025-10-17 09:56:48,28.35,56500,28.34,U
sz000021,深科技,2025-10-17 09:56:51,28.34,80300,28.35,D
sz000021,深科技,2025-10-17 09:56:54,28.34,171900,28.34,D
sz000021,深科技,2025-10-17 09:56:57,28.33,163900,28.34,D
sz000021,深科技,2025-10-17 09:57:00,28.34,224200,28.33,U
sz000021,深科技,2025-10-17 09:57:03,28.35,310300,28.34,E
sz000021,深科技,2025-10-17 09:57:06,28.34,158400,28.35,D
sz000021,深科技,2025-10-17 09:57:09,28.35,104200,28.34,U
sz000021,深科技,2025-10-17 09:57:12,28.4,90200,28.35,E
sz000021,深科技,2025-10-17 09:57:15,28.42,96100,28.4,U
sz000021,深科技,2025-10-17 09:57:18,28.35,94900,28.42,D
sz000021,深科技,2025-10-17 09:57:21,28.41,62000,28.35,E
sz000021,深科技,2025-10-17 09:57:24,28.36,46100,28.41,D
sz000021,深科技,2025-10-17 09:57:27,28.4,91100,28.36,U
sz000021,深科技,2025-10-17 09:57:30,28.4,34100,28.4,U
sz000021,深科技,2025-10-17 09:57:33,28.41,53700,28.4,U
sz000021,深科技,2025-10-17 09:57:36,28.41,69800,28.41,U
sz000021,深科技,2025-10-17 09:57:39,28.41,37400,28.41,D
sz000021,深科技,2025-10-17 09:57:42,28.42,49300,28.41,U
sz000021,深科技,2025-10-17 09:57:45,28.43,65000,28.42,U
sz000021,深科技,2025-10-17 09:57:48,28.44,45700,28.43,U
sz000021,深科技,2025-10-17 09:57:51,28.47,36800,28.44,U
sz000021,深科技,2025-10-17 09:57:54,28.46,19300,28.47,E
sz000021,深科技,2025-10-17 09:57:57,28.45,252800,28.46,D
sz000021,深科技,2025-10-17 09:58:00,28.45,84300,28.45,U
sz000021,深科技,2025-10-17 09:58:03,28.42,123600,28.45,E
sz000021,深科技,2025-10-17 09:58:06,28.39,83500,28.42,D
sz000021,深科技,2025-10-17 09:58:09,28.4,22200,28.39,U
sz000021,深科技,2025-10-17 09:58:12,28.4,59900,28.4,U
sz000021,深科技,2025-10-17 09:58:15,28.4,40400,28.4,D
sz000021,深科技,2025-10-17 09:58:18,28.4,37100,28.4,U
sz000021,深科技,2025-10-17 09:58:21,28.4,89000,28.4,D
sz000021,深科技,2025-10-17 09:58:24,28.42,59900,28.4,D
sz000021,深科技,2025-10-17 09:58:27,28.4,34600,28.42,D
sz000021,深科技,2025-10-17 09:58:30,28.4,26768,28.4,U
sz000021,深科技,2025-10-17 09:58:33,28.39,60800,28.4,D
sz000021,深科技,2025-10-17 09:58:36,28.37,91032,28.39,D
sz000021,深科技,2025-10-17 09:58:39,28.36,22300,28.37,D
sz000021,深科技,2025-10-17 09:58:42,28.36,82100,28.36,D
sz000021,深科技,2025-10-17 09:58:45,28.36,31000,28.36,D
sz000021,深科技,2025-10-17 09:58:48,28.35,76500,28.36,D
sz000021,深科技,2025-10-17 09:58:51,28.35,44600,28.35,D
sz000021,深科技,2025-10-17 09:58:54,28.34,31300,28.35,D
sz000021,深科技,2025-10-17 09:58:57,28.31,159535,28.34,D
sz000021,深科技,2025-10-17 09:59:00,28.31,37100,28.31,D
sz000021,深科技,2025-10-17 09:59:03,28.31,60800,28.31,D
sz000021,深科技,2025-10-17 09:59:06,28.31,197565,28.31,D
sz000021,深科技,2025-10-17 09:59:09,28.31,151600,28.31,U
sz000021,深科技,2025-10-17 09:59:12,28.35,155300,28.31,U
sz000021,深科技,2025-10-17 09:59:15,28.34,31900,28.35,D
sz000021,深科技,2025-10-17 09:59:18,28.34,94600,28.34,D
sz000021,深科技,2025-10-17 09:59:21,28.35,62700,28.34,U
sz000021,深科技,2025-10-17 09:59:24,28.39,39700,28.35,U
sz000021,深科技,2025-10-17 09:59:27,28.35,121700,28.39,D
sz000021,深科技,2025-10-17 09:59:30,28.4,78700,28.35,U
sz000021,深科技,2025-10-17 09:59:33,28.4,43268,28.4,U
sz000021,深科技,2025-10-17 09:59:36,28.4,40532,28.4,D
sz000021,深科技,2025-10-17 09:59:39,28.41,12200,28.4,U
sz000021,深科技,2025-10-17 09:59:42,28.41,20200,28.41,D
sz000021,深科技,2025-10-17 09:59:45,28.43,56568,28.41,U
sz000021,深科技,2025-10-17 09:59:48,28.43,39300,28.43,D
sz000021,深科技,2025-10-17 09:59:51,28.44,71700,28.43,U
sz000021,深科技,2025-10-17 09:59:54,28.44,34700,28.44,U
sz000021,深科技,2025-10-17 09:59:57,28.44,118332,28.44,U
sz000021,深科技,2025-10-17 10:00:00,28.38,35600,28.44,D
sz000021,深科技,2025-10-17 10:00:03,28.36,35300,28.38,D
sz000021,深科技,2025-10-17 10:00:06,28.34,60200,28.36,D
sz000021,深科技,2025-10-17 10:00:09,28.35,16800,28.34,U
sz000021,深科技,2025-10-17 10:00:12,28.33,102500,28.35,D
sz000021,深科技,2025-10-17 10:00:15,28.33,32800,28.33,D
sz000021,深科技,2025-10-17 10:00:18,28.32,112800,28.33,D
sz000021,深科技,2025-10-17 10:00:21,28.32,46600,28.32,U
sz000021,深科技,2025-10-17 10:00:24,28.32,135800,28.32,U
sz000021,深科技,2025-10-17 10:00:27,28.27,173900,28.32,D
sz000021,深科技,2025-10-17 10:00:30,28.28,32800,28.27,U
sz000021,深科技,2025-10-17 10:00:33,28.28,111700,28.28,D
sz000021,深科技,2025-10-17 10:00:36,28.22,47400,28.28,D
sz000021,深科技,2025-10-17 10:00:39,28.21,103200,28.22,D
sz000021,深科技,2025-10-17 10:00:42,28.2,165200,28.21,D
sz000021,深科技,2025-10-17 10:00:45,28.15,74500,28.2,D
sz000021,深科技,2025-10-17 10:00:48,28.15,61400,28.15,D
sz000021,深科技,2025-10-17 10:00:51,28.13,139300,28.15,D
sz000021,深科技,2025-10-17 10:00:54,28.11,130000,28.13,D
sz000021,深科技,2025-10-17 10:00:57,28.15,247900,28.11,U
sz000021,深科技,2025-10-17 10:01:00,28.16,158700,28.15,U
sz000021,深科技,2025-10-17 10:01:03,28.16,76000,28.16,D
sz000021,深科技,2025-10-17 10:01:06,28.15,256700,28.16,D
sz000021,深科技,2025-10-17 10:01:09,28.14,100701,28.15,D
sz000021,深科技,2025-10-17 10:01:12,28.13,89899,28.14,D
sz000021,深科技,2025-10-17 10:01:15,28.12,117900,28.13,D
sz000021,深科技,2025-10-17 10:01:18,28.12,206200,28.12,U
sz000021,深科技,2025-10-17 10:01:21,28.15,155501,28.12,U
sz000021,深科技,2025-10-17 10:01:24,28.18,54298,28.15,U
sz000021,深科技,2025-10-17 10:01:27,28.21,68300,28.18,U
sz000021,深科技,2025-10-17 10:01:30,28.16,37100,28.21,D
sz000021,深科技,2025-10-17 10:01:33,28.2,32300,28.16,U
sz000021,深科技,2025-10-17 10:01:36,28.17,29500,28.2,D
sz000021,深科技,2025-10-17 10:01:39,28.17,92500,28.17,U
sz000021,深科技,2025-10-17 10:01:42,28.2,71500,28.17,U
sz000021,深科技,2025-10-17 10:01:45,28.15,48200,28.2,D
sz000021,深科技,2025-10-17 10:01:48,28.14,23900,28.15,D
sz000021,深科技,2025-10-17 10:01:51,28.15,58900,28.14,U
sz000021,深科技,2025-10-17 10:01:54,28.15,84200,28.15,U
sz000021,深科技,2025-10-17 10:01:57,28.15,128300,28.15,D
sz000021,深科技,2025-10-17 10:02:00,28.16,74600,28.15,E
sz000021,深科技,2025-10-17 10:02:03,28.15,58362,28.16,D
sz000021,深科技,2025-10-17 10:02:06,28.15,55138,28.15,D
sz000021,深科技,2025-10-17 10:02:09,28.17,33100,28.15,U
sz000021,深科技,2025-10-17 10:02:12,28.17,30100,28.17,U
sz000021,深科技,2025-10-17 10:02:15,28.17,69700,28.17,D
sz000021,深科技,2025-10-17 10:02:18,28.18,49900,28.17,U
sz000021,深科技,2025-10-17 10:02:21,28.18,45500,28.18,U
sz000021,深科技,2025-10-17 10:02:24,28.22,134562,28.18,U
sz000021,深科技,2025-10-17 10:02:27,28.22,91400,28.22,U
sz000021,深科技,2025-10-17 10:02:30,28.2,57600,28.22,D
sz000021,深科技,2025-10-17 10:02:33,28.23,39000,28.2,U
sz000021,深科技,2025-10-17 10:02:36,28.22,45000,28.23,D
sz000021,深科技,2025-10-17 10:02:39,28.22,58000,28.22,U
sz000021,深科技,2025-10-17 10:02:42,28.22,32900,28.22,D
sz000021,深科技,2025-10-17 10:02:45,28.22,45200,28.22,D
sz000021,深科技,2025-10-17 10:02:48,28.27,49000,28.22,E
sz000021,深科技,2025-10-17 10:02:51,28.29,27000,28.27,U
sz000021,深科技,2025-10-17 10:02:54,28.29,30100,28.29,U
sz000021,深科技,2025-10-17 10:02:57,28.3,94411,28.29,U
sz000021,深科技,2025-10-17 10:03:00,28.31,11800,28.3,E
sz000021,深科技,2025-10-17 10:03:03,28.26,138889,28.31,D
sz000021,深科技,2025-10-17 10:03:06,28.26,47800,28.26,D
sz000021,深科技,2025-10-17 10:03:09,28.32,100300,28.26,U
sz000021,深科技,2025-10-17 10:03:12,28.24,87000,28.32,D
sz000021,深科技,2025-10-17 10:03:15,28.24,82900,28.24,U
sz000021,深科技,2025-10-17 10:03:18,28.24,49600,28.24,U
sz000021,深科技,2025-10-17 10:03:21,28.24,104700,28.24,U
sz000021,深科技,2025-10-17 10:03:24,28.28,34600,28.24,U
sz000021,深科技,2025-10-17 10:03:27,28.26,25100,28.28,E
sz000021,深科技,2025-10-17 10:03:30,28.26,9900,28.26,D
sz000021,深科技,2025-10-17 10:03:33,28.26,27822,28.26,D
sz000021,深科技,2025-10-17 10:03:36,28.26,42700,28.26,U
sz000021,深科技,2025-10-17 10:03:39,28.26,92900,28.26,U
sz000021,深科技,2025-10-17 10:03:42,28.26,153100,28.26,D
sz000021,深科技,2025-10-17 10:03:45,28.26,53100,28.26,D
sz000021,深科技,2025-10-17 10:03:48,28.27,31200,28.26,U
sz000021,深科技,2025-10-17 10:03:51,28.27,35600,28.27,U
sz000021,深科技,2025-10-17 10:03:54,28.26,34700,28.27,D
sz000021,深科技,2025-10-17 10:03:57,28.26,36800,28.26,D
sz000021,深科技,2025-10-17 10:04:00,28.28,37100,28.26,U
sz000021,深科技,2025-10-17 10:04:03,28.27,25000,28.28,D
sz000021,深科技,2025-10-17 10:04:06,28.3,61500,28.27,U
sz000021,深科技,2025-10-17 10:04:09,28.31,46400,28.3,U
sz000021,深科技,2025-10-17 10:04:12,28.3,31200,28.31,D
sz000021,深科技,2025-10-17 10:04:15,28.31,54000,28.3,U
sz000021,深科技,2025-10-17 10:04:18,28.32,47600,28.31,U
sz000021,深科技,2025-10-17 10:04:21,28.3,106400,28.32,D
sz000021,深科技,2025-10-17 10:04:24,28.3,38200,28.3,U
sz000021,深科技,2025-10-17 10:04:27,28.31,56900,28.3,U
sz000021,深科技,2025-10-17 10:04:30,28.33,34600,28.31,U
sz000021,深科技,2025-10-17 10:04:33,28.33,32000,28.33,U
sz000021,深科技,2025-10-17 10:04:36,28.33,27400,28.33,U
sz000021,深科技,2025-10-17 10:04:39,28.34,37900,28.33,U
sz000021,深科技,2025-10-17 10:04:42,28.35,46100,28.34,U
sz000021,深科技,2025-10-17 10:04:45,28.33,50800,28.35,D
sz000021,深科技,2025-10-17 10:04:48,28.35,21900,28.33,U
sz000021,深科技,2025-10-17 10:04:51,28.37,29500,28.35,U
sz000021,深科技,2025-10-17 10:04:54,28.36,25800,28.37,E
sz000021,深科技,2025-10-17 10:04:57,28.37,36700,28.36,U
sz000021,深科技,2025-10-17 10:05:00,28.39,14200,28.37,U
sz000021,深科技,2025-10-17 10:05:03,28.4,45000,28.39,U
sz000021,深科技,2025-10-17 10:05:06,28.4,64300,28.4,D
sz000021,深科技,2025-10-17 10:05:09,28.4,52900,28.4,D
sz000021,深科技,2025-10-17 10:05:12,28.42,32000,28.4,U
sz000021,深科技,2025-10-17 10:05:15,28.4,87200,28.42,D
sz000021,深科技,2025-10-17 10:05:18,28.4,95100,28.4,U
sz000021,深科技,2025-10-17 10:05:21,28.42,36900,28.4,U
sz000021,深科技,2025-10-17 10:05:24,28.4,54700,28.42,D
sz000021,深科技,2025-10-17 10:05:27,28.4,45300,28.4,U
sz000021,深科技,2025-10-17 10:05:30,28.39,50500,28.4,D
sz000021,深科技,2025-10-17 10:05:33,28.4,91200,28.39,U
sz000021,深科技,2025-10-17 10:05:36,28.36,90400,28.4,D
sz000021,深科技,2025-10-17 10:05:39,28.38,19600,28.36,U
sz000021,深科技,2025-10-17 10:05:42,28.38,24200,28.38,U
sz000021,深科技,2025-10-17 10:05:45,28.36,106800,28.38,D
sz000021,深科技,2025-10-17 10:05:48,28.4,46800,28.36,U
sz000021,深科技,2025-10-17 10:05:51,28.38,10900,28.4,D
sz000021,深科技,2025-10-17 10:05:54,28.39,19800,28.38,E
sz000021,深科技,2025-10-17 10:05:57,28.4,88600,28.39,U
sz000021,深科技,2025-10-17 10:06:00,28.45,178700,28.4,U
sz000021,深科技,2025-10-17 10:06:03,28.43,11700,28.45,E
sz000021,深科技,2025-10-17 10:06:06,28.41,27000,28.43,D
sz000021,深科技,2025-10-17 10:06:09,28.45,8700,28.41,U
sz000021,深科技,2025-10-17 10:06:15,28.45,29900,28.46,D
sz000021,深科技,2025-10-17 10:06:18,28.44,138100,28.45,D
sz000021,深科技,2025-10-17 10:06:21,28.42,40000,28.44,E
sz000021,深科技,2025-10-17 10:06:24,28.44,47300,28.42,U
sz000021,深科技,2025-10-17 10:06:27,28.42,38300,28.44,D
sz000021,深科技,2025-10-17 10:06:30,28.46,25700,28.42,U
sz000021,深科技,2025-10-17 10:06:36,28.47,57200,28.46,U
sz000021,深科技,2025-10-17 10:06:39,28.46,63000,28.47,D
sz000021,深科技,2025-10-17 10:06:42,28.46,72200,28.46,U
sz000021,深科技,2025-10-17 10:06:45,28.45,18700,28.46,D
sz000021,深科技,2025-10-17 10:06:48,28.46,33000,28.45,U
sz000021,深科技,2025-10-17 10:06:51,28.46,15000,28.46,D
sz000021,深科技,2025-10-17 10:06:54,28.45,49000,28.46,D
sz000021,深科技,2025-10-17 10:06:57,28.45,26800,28.45,D
sz000021,深科技,2025-10-17 10:07:00,28.45,27100,28.45,U
sz000021,深科技,2025-10-17 10:07:03,28.43,47000,28.45,D
sz000021,深科技,2025-10-17 10:07:06,28.42,14100,28.43,D
sz000021,深科技,2025-10-17 10:07:09,28.43,44399,28.42,U
sz000021,深科技,2025-10-17 10:07:12,28.42,20500,28.43,D
sz000021,深科技,2025-10-17 10:07:15,28.43,47700,28.42,U
sz000021,深科技,2025-10-17 10:07:18,28.44,34100,28.43,U
sz000021,深科技,2025-10-17 10:07:21,28.47,14800,28.44,U
sz000021,深科技,2025-10-17 10:07:24,28.47,12800,28.47,D
sz000021,深科技,2025-10-17 10:07:27,28.47,19100,28.47,D
sz000021,深科技,2025-10-17 10:07:30,28.46,11000,28.47,D
sz000021,深科技,2025-10-17 10:07:33,28.45,31401,28.46,D
sz000021,深科技,2025-10-17 10:07:36,28.45,67900,28.45,U
sz000021,深科技,2025-10-17 10:07:39,28.46,26200,28.45,U
sz000021,深科技,2025-10-17 10:07:42,28.47,8500,28.46,U
sz000021,深科技,2025-10-17 10:07:45,28.46,36200,28.47,D
sz000021,深科技,2025-10-17 10:07:48,28.47,16700,28.46,U
sz000021,深科技,2025-10-17 10:07:51,28.47,38100,28.47,U
sz000021,深科技,2025-10-17 10:07:54,28.47,15900,28.47,U
sz000021,深科技,2025-10-17 10:07:57,28.47,21200,28.47,U
sz000021,深科技,2025-10-17 10:08:00,28.47,26200,28.47,U
sz000021,深科技,2025-10-17 10:08:03,28.46,54800,28.47,D
sz000021,深科技,2025-10-17 10:08:06,28.46,25600,28.46,U
sz000021,深科技,2025-10-17 10:08:09,28.46,12600,28.46,U
sz000021,深科技,2025-10-17 10:08:12,28.46,20400,28.46,U
sz000021,深科技,2025-10-17 10:08:15,28.46,27000,28.46,D
sz000021,深科技,2025-10-17 10:08:18,28.46,16700,28.46,D
sz000021,深科技,2025-10-17 10:08:21,28.46,29100,28.46,D
sz000021,深科技,2025-10-17 10:08:24,28.45,23800,28.46,E
sz000021,深科技,2025-10-17 10:08:27,28.42,76099,28.45,D
sz000021,深科技,2025-10-17 10:08:30,28.45,51000,28.42,U
sz000021,深科技,2025-10-17 10:08:33,28.43,8700,28.45,E
sz000021,深科技,2025-10-17 10:08:36,28.42,7500,28.43,D
sz000021,深科技,2025-10-17 10:08:39,28.44,16300,28.42,U
sz000021,深科技,2025-10-17 10:08:42,28.41,25100,28.44,D
sz000021,深科技,2025-10-17 10:08:45,28.43,19900,28.41,U
sz000021,深科技,2025-10-17 10:08:48,28.42,54400,28.43,D
sz000021,深科技,2025-10-17 10:08:51,28.42,20700,28.42,U
sz000021,深科技,2025-10-17 10:08:54,28.42,33300,28.42,U
sz000021,深科技,2025-10-17 10:08:57,28.42,40300,28.42,D
sz000021,深科技,2025-10-17 10:09:00,28.41,31900,28.42,D
sz000021,深科技,2025-10-17 10:09:03,28.41,15200,28.41,D
sz000021,深科技,2025-10-17 10:09:06,28.41,12500,28.41,D
sz000021,深科技,2025-10-17 10:09:09,28.44,100700,28.41,U
sz000021,深科技,2025-10-17 10:09:12,28.43,41300,28.44,E
sz000021,深科技,2025-10-17 10:09:15,28.45,48300,28.43,U
sz000021,深科技,2025-10-17 10:09:18,28.44,35400,28.45,D
sz000021,深科技,2025-10-17 10:09:21,28.44,63300,28.44,U
sz000021,深科技,2025-10-17 10:09:24,28.44,68700,28.44,U
sz000021,深科技,2025-10-17 10:09:27,28.45,53200,28.44,U
sz000021,深科技,2025-10-17 10:09:30,28.46,22200,28.45,U
sz000021,深科技,2025-10-17 10:09:33,28.46,44900,28.46,U
sz000021,深科技,2025-10-17 10:09:36,28.45,51600,28.46,E
sz000021,深科技,2025-10-17 10:09:39,28.45,21900,28.45,E
sz000021,深科技,2025-10-17 10:09:42,28.44,30800,28.45,D
sz000021,深科技,2025-10-17 10:09:45,28.44,35700,28.44,D
sz000021,深科技,2025-10-17 10:09:48,28.44,14600,28.44,U
sz000021,深科技,2025-10-17 10:09:51,28.44,28200,28.44,U
sz000021,深科技,2025-10-17 10:09:54,28.43,37700,28.44,D
sz000021,深科技,2025-10-17 10:09:57,28.44,96000,28.43,U
sz000021,深科技,2025-10-17 10:10:00,28.42,15900,28.44,D
sz000021,深科技,2025-10-17 10:10:03,28.4,193201,28.42,D
sz000021,深科技,2025-10-17 10:10:06,28.39,28700,28.4,D
sz000021,深科技,2025-10-17 10:10:09,28.39,11800,28.39,U
sz000021,深科技,2025-10-17 10:10:12,28.38,24700,28.39,D
sz000021,深科技,2025-10-17 10:10:15,28.37,59600,28.38,D
sz000021,深科技,2025-10-17 10:10:18,28.37,27000,28.37,D
sz000021,深科技,2025-10-17 10:10:21,28.36,19600,28.37,D
sz000021,深科技,2025-10-17 10:10:24,28.35,26400,28.36,D
sz000021,深科技,2025-10-17 10:10:27,28.34,56300,28.35,D
sz000021,深科技,2025-10-17 10:10:30,28.3,355200,28.34,D
sz000021,深科技,2025-10-17 10:10:33,28.29,35900,28.3,D
sz000021,深科技,2025-10-17 10:10:36,28.26,38600,28.29,D
sz000021,深科技,2025-10-17 10:10:39,28.25,65700,28.26,D
sz000021,深科技,2025-10-17 10:10:42,28.22,37400,28.25,D
sz000021,深科技,2025-10-17 10:10:45,28.22,30400,28.22,D
sz000021,深科技,2025-10-17 10:10:48,28.22,23200,28.22,U
sz000021,深科技,2025-10-17 10:10:51,28.2,39200,28.22,D
sz000021,深科技,2025-10-17 10:10:54,28.2,133800,28.2,D
sz000021,深科技,2025-10-17 10:10:57,28.2,57700,28.2,D
sz000021,深科技,2025-10-17 10:11:00,28.2,33700,28.2,U
sz000021,深科技,2025-10-17 10:11:03,28.19,128200,28.2,D
sz000021,深科技,2025-10-17 10:11:06,28.21,147100,28.19,U
sz000021,深科技,2025-10-17 10:11:09,28.25,18600,28.21,U
sz000021,深科技,2025-10-17 10:11:12,28.21,91400,28.25,D
sz000021,深科技,2025-10-17 10:11:15,28.28,59200,28.21,U
sz000021,深科技,2025-10-17 10:11:18,28.25,45600,28.28,E
sz000021,深科技,2025-10-17 10:11:21,28.29,28300,28.25,U
sz000021,深科技,2025-10-17 10:11:24,28.32,25500,28.29,U
sz000021,深科技,2025-10-17 10:11:27,28.28,32000,28.32,D
sz000021,深科技,2025-10-17 10:11:30,28.26,43300,28.28,E
sz000021,深科技,2025-10-17 10:11:33,28.29,21200,28.26,U
sz000021,深科技,2025-10-17 10:11:36,28.28,21800,28.29,D
sz000021,深科技,2025-10-17 10:11:39,28.28,18200,28.28,U
sz000021,深科技,2025-10-17 10:11:42,28.27,32400,28.28,D
sz000021,深科技,2025-10-17 10:11:45,28.28,131000,28.27,U
sz000021,深科技,2025-10-17 10:11:48,28.28,39500,28.28,U
sz000021,深科技,2025-10-17 10:11:51,28.28,27200,28.28,U
sz000021,深科技,2025-10-17 10:11:54,28.28,12900,28.28,D
sz000021,深科技,2025-10-17 10:11:57,28.28,31800,28.28,D
sz000021,深科技,2025-10-17 10:12:00,28.28,36700,28.28,U
sz000021,深科技,2025-10-17 10:12:03,28.28,50100,28.28,U
sz000021,深科技,2025-10-17 10:12:06,28.28,70800,28.28,D
sz000021,深科技,2025-10-17 10:12:09,28.27,155000,28.28,D
sz000021,深科技,2025-10-17 10:12:12,28.24,22600,28.27,D
sz000021,深科技,2025-10-17 10:12:15,28.22,50000,28.24,D
sz000021,深科技,2025-10-17 10:12:18,28.22,21700,28.22,D
sz000021,深科技,2025-10-17 10:12:21,28.21,31200,28.22,D
sz000021,深科技,2025-10-17 10:12:24,28.21,36700,28.21,D
sz000021,深科技,2025-10-17 10:12:27,28.22,84700,28.21,U
sz000021,深科技,2025-10-17 10:12:30,28.23,27500,28.22,U
sz000021,深科技,2025-10-17 10:12:33,28.23,21300,28.23,D
sz000021,深科技,2025-10-17 10:12:36,28.22,61100,28.23,D
sz000021,深科技,2025-10-17 10:12:39,28.21,21300,28.22,D
sz000021,深科技,2025-10-17 10:12:42,28.21,61000,28.21,U
sz000021,深科技,2025-10-17 10:12:45,28.21,83900,28.21,U
sz000021,深科技,2025-10-17 10:12:48,28.2,95300,28.21,D
sz000021,深科技,2025-10-17 10:12:51,28.19,33600,28.2,D
sz000021,深科技,2025-10-17 10:12:54,28.18,38100,28.19,D
sz000021,深科技,2025-10-17 10:12:57,28.18,64200,28.18,D
sz000021,深科技,2025-10-17 10:13:00,28.21,64500,28.18,U
sz000021,深科技,2025-10-17 10:13:03,28.2,61700,28.21,D
sz000021,深科技,2025-10-17 10:13:06,28.2,35300,28.2,D
sz000021,深科技,2025-10-17 10:13:09,28.22,57000,28.2,U
sz000021,深科技,2025-10-17 10:13:12,28.21,41600,28.22,D
sz000021,深科技,2025-10-17 10:13:15,28.21,33700,28.21,D
sz000021,深科技,2025-10-17 10:13:18,28.23,50100,28.21,U
sz000021,深科技,2025-10-17 10:13:21,28.26,63000,28.23,U
sz000021,深科技,2025-10-17 10:13:24,28.27,9900,28.26,U
sz000021,深科技,2025-10-17 10:13:27,28.26,83500,28.27,D
sz000021,深科技,2025-10-17 10:13:30,28.27,14500,28.26,U
sz000021,深科技,2025-10-17 10:13:33,28.28,28000,28.27,U
sz000021,深科技,2025-10-17 10:13:36,28.26,61500,28.28,D
sz000021,深科技,2025-10-17 10:13:39,28.27,60500,28.26,E
sz000021,深科技,2025-10-17 10:13:42,28.3,15100,28.27,E
sz000021,深科技,2025-10-17 10:13:45,28.32,45700,28.3,U
sz000021,深科技,2025-10-17 10:13:48,28.34,23500,28.32,U
sz000021,深科技,2025-10-17 10:13:51,28.34,12800,28.34,U
sz000021,深科技,2025-10-17 10:13:54,28.36,97700,28.34,U
sz000021,深科技,2025-10-17 10:13:57,28.33,69400,28.36,D
sz000021,深科技,2025-10-17 10:14:00,28.35,32400,28.33,U
sz000021,深科技,2025-10-17 10:14:03,28.37,29100,28.35,U
sz000021,深科技,2025-10-17 10:14:06,28.37,56200,28.37,D
sz000021,深科技,2025-10-17 10:14:09,28.38,13300,28.37,U
sz000021,深科技,2025-10-17 10:14:12,28.39,20300,28.38,U
sz000021,深科技,2025-10-17 10:14:15,28.36,65200,28.39,D
sz000021,深科技,2025-10-17 10:14:18,28.37,46100,28.36,U
sz000021,深科技,2025-10-17 10:14:21,28.39,28400,28.37,U
sz000021,深科技,2025-10-17 10:14:24,28.39,95100,28.39,U
sz000021,深科技,2025-10-17 10:14:27,28.36,28400,28.39,D
sz000021,深科技,2025-10-17 10:14:30,28.36,40100,28.36,U
sz000021,深科技,2025-10-17 10:14:33,28.35,41300,28.36,E
sz000021,深科技,2025-10-17 10:14:36,28.31,64400,28.35,D
sz000021,深科技,2025-10-17 10:14:39,28.31,12600,28.31,U
sz000021,深科技,2025-10-17 10:14:42,28.31,17400,28.31,U
sz000021,深科技,2025-10-17 10:14:45,28.31,37000,28.31,D
sz000021,深科技,2025-10-17 10:14:51,28.36,11100,28.34,U
sz000021,深科技,2025-10-17 10:14:54,28.34,24000,28.36,D
sz000021,深科技,2025-10-17 10:14:57,28.32,18600,28.34,D
sz000021,深科技,2025-10-17 10:15:00,28.31,14600,28.32,D
sz000021,深科技,2025-10-17 10:15:03,28.32,149600,28.31,U
sz000021,深科技,2025-10-17 10:15:06,28.32,35500,28.32,D
sz000021,深科技,2025-10-17 10:15:09,28.32,22200,28.32,U
sz000021,深科技,2025-10-17 10:15:12,28.32,18800,28.32,U
sz000021,深科技,2025-10-17 10:15:15,28.33,41400,28.32,U
sz000021,深科技,2025-10-17 10:15:18,28.31,20500,28.33,D
sz000021,深科技,2025-10-17 10:15:24,28.32,16200,28.33,D
sz000021,深科技,2025-10-17 10:15:27,28.32,71500,28.32,D
sz000021,深科技,2025-10-17 10:15:30,28.32,25500,28.32,U
sz000021,深科技,2025-10-17 10:15:33,28.31,8300,28.32,D
sz000021,深科技,2025-10-17 10:15:36,28.3,46700,28.31,D
sz000021,深科技,2025-10-17 10:15:39,28.3,29900,28.3,U
sz000021,深科技,2025-10-17 10:15:42,28.29,32800,28.3,D
sz000021,深科技,2025-10-17 10:15:45,28.28,49000,28.29,D
sz000021,深科技,2025-10-17 10:15:48,28.28,25000,28.28,E
sz000021,深科技,2025-10-17 10:15:51,28.3,20200,28.28,U
sz000021,深科技,2025-10-17 10:15:54,28.3,29759,28.3,U
sz000021,深科技,2025-10-17 10:15:57,28.28,14741,28.3,D
sz000021,深科技,2025-10-17 10:16:00,28.28,63600,28.28,U
sz000021,深科技,2025-10-17 10:16:06,28.28,55600,28.29,D
sz000021,深科技,2025-10-17 10:16:09,28.28,14500,28.28,U
sz000021,深科技,2025-10-17 10:16:12,28.28,28700,28.28,U
sz000021,深科技,2025-10-17 10:16:15,28.3,52700,28.28,U
sz000021,深科技,2025-10-17 10:16:18,28.3,24659,28.3,U
sz000021,深科技,2025-10-17 10:16:21,28.3,18400,28.3,U
sz000021,深科技,2025-10-17 10:16:24,28.29,23000,28.3,D
sz000021,深科技,2025-10-17 10:16:27,28.29,81100,28.29,U
sz000021,深科技,2025-10-17 10:16:30,28.3,7500,28.29,U
sz000021,深科技,2025-10-17 10:16:33,28.31,7700,28.3,U
sz000021,深科技,2025-10-17 10:16:36,28.3,28100,28.31,D
sz000021,深科技,2025-10-17 10:16:39,28.3,7600,28.3,U
sz000021,深科技,2025-10-17 10:16:42,28.3,19400,28.3,U
sz000021,深科技,2025-10-17 10:16:45,28.31,38900,28.3,U
sz000021,深科技,2025-10-17 10:16:51,28.31,11500,28.31,U
sz000021,深科技,2025-10-17 10:16:54,28.31,46600,28.31,U
sz000021,深科技,2025-10-17 10:16:57,28.31,39800,28.31,U
sz000021,深科技,2025-10-17 10:17:00,28.31,20200,28.31,D
sz000021,深科技,2025-10-17 10:17:03,28.34,13000,28.31,U
sz000021,深科技,2025-10-17 10:17:06,28.32,9100,28.34,D
sz000021,深科技,2025-10-17 10:17:09,28.33,24100,28.32,U
sz000021,深科技,2025-10-17 10:17:12,28.34,28200,28.33,U
sz000021,深科技,2025-10-17 10:17:15,28.33,36000,28.34,D
sz000021,深科技,2025-10-17 10:17:18,28.35,27700,28.33,U
sz000021,深科技,2025-10-17 10:17:24,28.35,19800,28.35,U
sz000021,深科技,2025-10-17 10:17:27,28.35,19100,28.35,D
sz000021,深科技,2025-10-17 10:17:30,28.37,31700,28.35,U
sz000021,深科技,2025-10-17 10:17:36,28.39,75900,28.35,U
sz000021,深科技,2025-10-17 10:17:39,28.4,8300,28.39,U
sz000021,深科技,2025-10-17 10:17:42,28.42,13900,28.4,U
sz000021,深科技,2025-10-17 10:17:45,28.4,32800,28.42,D
sz000021,深科技,2025-10-17 10:17:48,28.4,12600,28.4,U
sz000021,深科技,2025-10-17 10:17:51,28.38,65300,28.4,D
sz000021,深科技,2025-10-17 10:17:54,28.36,35500,28.38,D
sz000021,深科技,2025-10-17 10:17:57,28.35,61700,28.36,D
sz000021,深科技,2025-10-17 10:18:00,28.36,53100,28.35,U
sz000021,深科技,2025-10-17 10:18:03,28.36,88000,28.36,E
sz000021,深科技,2025-10-17 10:18:06,28.37,21000,28.36,U
sz000021,深科技,2025-10-17 10:18:09,28.38,42400,28.37,U
sz000021,深科技,2025-10-17 10:18:12,28.37,20500,28.38,U
sz000021,深科技,2025-10-17 10:18:15,28.38,17400,28.37,U
sz000021,深科技,2025-10-17 10:18:18,28.38,82200,28.38,U
sz000021,深科技,2025-10-17 10:18:21,28.38,12600,28.38,D
sz000021,深科技,2025-10-17 10:18:24,28.39,20000,28.38,U
sz000021,深科技,2025-10-17 10:18:27,28.39,17200,28.39,D
sz000021,深科技,2025-10-17 10:18:30,28.37,54300,28.39,D
sz000021,深科技,2025-10-17 10:18:33,28.37,61900,28.37,D
sz000021,深科技,2025-10-17 10:18:36,28.36,9800,28.37,D
sz000021,深科技,2025-10-17 10:18:39,28.37,54700,28.36,U
sz000021,深科技,2025-10-17 10:18:42,28.38,10800,28.37,U
sz000021,深科技,2025-10-17 10:18:45,28.37,8700,28.38,D
sz000021,深科技,2025-10-17 10:18:48,28.37,9000,28.37,D
sz000021,深科技,2025-10-17 10:18:51,28.37,13800,28.37,U
sz000021,深科技,2025-10-17 10:18:54,28.37,15500,28.37,U
sz000021,深科技,2025-10-17 10:18:57,28.37,14900,28.37,U
sz000021,深科技,2025-10-17 10:19:00,28.36,38000,28.37,D
sz000021,深科技,2025-10-17 10:19:03,28.36,24500,28.36,D
sz000021,深科技,2025-10-17 10:19:06,28.36,44800,28.36,U
sz000021,深科技,2025-10-17 10:19:09,28.37,14000,28.36,U
sz000021,深科技,2025-10-17 10:19:12,28.36,10400,28.37,D
sz000021,深科技,2025-10-17 10:19:21,28.35,15500,28.37,D
sz000021,深科技,2025-10-17 10:19:24,28.35,11000,28.35,D
sz000021,深科技,2025-10-17 10:19:27,28.36,11200,28.35,U
sz000021,深科技,2025-10-17 10:19:33,28.35,14100,28.36,D
sz000021,深科技,2025-10-17 10:19:36,28.36,39400,28.35,U
sz000021,深科技,2025-10-17 10:19:39,28.37,20400,28.36,U
sz000021,深科技,2025-10-17 10:19:42,28.38,15600,28.37,U
sz000021,深科技,2025-10-17 10:19:45,28.39,33100,28.38,U
sz000021,深科技,2025-10-17 10:19:51,28.38,8100,28.38,U
sz000021,深科技,2025-10-17 10:19:57,28.38,11100,28.38,U
sz000021,深科技,2025-10-17 10:20:00,28.38,9300,28.38,U
sz000021,深科技,2025-10-17 10:20:03,28.36,103800,28.38,D
sz000021,深科技,2025-10-17 10:20:06,28.36,13000,28.36,U
sz000021,深科技,2025-10-17 10:20:09,28.36,15100,28.36,U
sz000021,深科技,2025-10-17 10:20:15,28.33,24700,28.35,D
sz000021,深科技,2025-10-17 10:20:18,28.33,12600,28.33,D
sz000021,深科技,2025-10-17 10:20:21,28.33,22400,28.33,E
sz000021,深科技,2025-10-17 10:20:24,28.33,16200,28.33,D
sz000021,深科技,2025-10-17 10:20:27,28.31,7800,28.33,D
sz000021,深科技,2025-10-17 10:20:30,28.31,31200,28.31,D
sz000021,深科技,2025-10-17 10:20:33,28.3,30500,28.31,D
sz000021,深科技,2025-10-17 10:20:36,28.28,426941,28.3,D
sz000021,深科技,2025-10-17 10:20:39,28.29,21459,28.28,U
sz000021,深科技,2025-10-17 10:20:42,28.28,37241,28.29,D
sz000021,深科技,2025-10-17 10:20:45,28.27,11200,28.28,D
sz000021,深科技,2025-10-17 10:20:48,28.27,8959,28.27,U
sz000021,深科技,2025-10-17 10:20:51,28.26,13641,28.27,D
sz000021,深科技,2025-10-17 10:20:54,28.26,97712,28.26,D
sz000021,深科技,2025-10-17 10:20:57,28.25,212488,28.26,D
sz000021,深科技,2025-10-17 10:21:00,28.25,13700,28.25,U
sz000021,深科技,2025-10-17 10:21:03,28.21,74500,28.25,D
sz000021,深科技,2025-10-17 10:21:06,28.2,29200,28.21,D
sz000021,深科技,2025-10-17 10:21:09,28.2,50411,28.2,D
sz000021,深科技,2025-10-17 10:21:12,28.21,20000,28.2,U
sz000021,深科技,2025-10-17 10:21:15,28.21,35500,28.21,D
sz000021,深科技,2025-10-17 10:21:18,28.2,41800,28.21,D
sz000021,深科技,2025-10-17 10:21:21,28.23,30400,28.2,U
sz000021,深科技,2025-10-17 10:21:24,28.22,27700,28.23,E
sz000021,深科技,2025-10-17 10:21:27,28.23,30100,28.22,U
sz000021,深科技,2025-10-17 10:21:30,28.21,13800,28.23,D
sz000021,深科技,2025-10-17 10:21:33,28.21,21000,28.21,D
sz000021,深科技,2025-10-17 10:21:36,28.22,18400,28.21,U
sz000021,深科技,2025-10-17 10:21:42,28.23,9200,28.23,U
sz000021,深科技,2025-10-17 10:21:45,28.23,22762,28.23,U
sz000021,深科技,2025-10-17 10:21:48,28.24,13600,28.23,U
sz000021,深科技,2025-10-17 10:21:51,28.24,28500,28.24,U
sz000021,深科技,2025-10-17 10:21:54,28.24,33800,28.24,U
sz000021,深科技,2025-10-17 10:21:57,28.23,16600,28.24,D
sz000021,深科技,2025-10-17 10:22:00,28.23,13500,28.23,U
sz000021,深科技,2025-10-17 10:22:03,28.19,246627,28.23,D
sz000021,深科技,2025-10-17 10:22:06,28.2,165000,28.19,U
sz000021,深科技,2025-10-17 10:22:09,28.19,10800,28.2,E
sz000021,深科技,2025-10-17 10:22:12,28.2,25900,28.19,U
sz000021,深科技,2025-10-17 10:22:15,28.19,26900,28.2,D
sz000021,深科技,2025-10-17 10:22:18,28.19,20000,28.19,D
sz000021,深科技,2025-10-17 10:22:21,28.18,35900,28.19,D
sz000021,深科技,2025-10-17 10:22:24,28.22,35200,28.18,U
sz000021,深科技,2025-10-17 10:22:27,28.18,76800,28.22,D
sz000021,深科技,2025-10-17 10:22:30,28.19,12100,28.18,U
sz000021,深科技,2025-10-17 10:22:33,28.19,19300,28.19,U
sz000021,深科技,2025-10-17 10:22:36,28.19,47200,28.19,U
sz000021,深科技,2025-10-17 10:22:39,28.18,30900,28.19,D
sz000021,深科技,2025-10-17 10:22:42,28.2,15400,28.18,U
sz000021,深科技,2025-10-17 10:22:45,28.2,60000,28.2,D
sz000021,深科技,2025-10-17 10:22:48,28.2,46800,28.2,E
sz000021,深科技,2025-10-17 10:22:51,28.2,18400,28.2,D
sz000021,深科技,2025-10-17 10:22:54,28.22,72900,28.2,U
sz000021,深科技,2025-10-17 10:22:57,28.21,9400,28.22,D
sz000021,深科技,2025-10-17 10:23:00,28.22,35100,28.21,U
sz000021,深科技,2025-10-17 10:23:03,28.17,108400,28.22,D
sz000021,深科技,2025-10-17 10:23:06,28.16,22000,28.17,D
sz000021,深科技,2025-10-17 10:23:09,28.17,31200,28.16,U
sz000021,深科技,2025-10-17 10:23:12,28.16,22300,28.17,D
sz000021,深科技,2025-10-17 10:23:15,28.17,24600,28.16,U
sz000021,深科技,2025-10-17 10:23:18,28.17,25800,28.17,D
sz000021,深科技,2025-10-17 10:23:21,28.17,25200,28.17,D
sz000021,深科技,2025-10-17 10:23:24,28.17,19600,28.17,D
sz000021,深科技,2025-10-17 10:23:27,28.17,31600,28.17,U
sz000021,深科技,2025-10-17 10:23:30,28.16,22300,28.17,D
sz000021,深科技,2025-10-17 10:23:33,28.17,32400,28.16,U
sz000021,深科技,2025-10-17 10:23:36,28.17,24200,28.17,U
sz000021,深科技,2025-10-17 10:23:39,28.17,69800,28.17,D
sz000021,深科技,2025-10-17 10:23:42,28.18,8800,28.17,U
sz000021,深科技,2025-10-17 10:23:45,28.17,7500,28.18,D
sz000021,深科技,2025-10-17 10:23:48,28.17,47600,28.17,D
sz000021,深科技,2025-10-17 10:23:51,28.19,64700,28.17,U
sz000021,深科技,2025-10-17 10:23:54,28.17,9000,28.19,D
sz000021,深科技,2025-10-17 10:23:57,28.17,10700,28.17,D
sz000021,深科技,2025-10-17 10:24:00,28.17,16200,28.17,D
sz000021,深科技,2025-10-17 10:24:03,28.17,280700,28.17,D
sz000021,深科技,2025-10-17 10:24:06,28.15,24100,28.17,E
sz000021,深科技,2025-10-17 10:24:09,28.14,22200,28.15,U
sz000021,深科技,2025-10-17 10:24:12,28.14,10900,28.14,U
sz000021,深科技,2025-10-17 10:24:18,28.15,35700,28.14,E
sz000021,深科技,2025-10-17 10:24:21,28.14,8300,28.15,D
sz000021,深科技,2025-10-17 10:24:24,28.14,25900,28.14,D
sz000021,深科技,2025-10-17 10:24:27,28.17,20400,28.14,U
sz000021,深科技,2025-10-17 10:24:30,28.14,39800,28.17,D
sz000021,深科技,2025-10-17 10:24:33,28.14,16700,28.14,U
sz000021,深科技,2025-10-17 10:24:36,28.15,16200,28.14,E
sz000021,深科技,2025-10-17 10:24:39,28.13,26000,28.15,D
sz000021,深科技,2025-10-17 10:24:42,28.15,14000,28.13,U
sz000021,深科技,2025-10-17 10:24:45,28.14,13800,28.15,D
sz000021,深科技,2025-10-17 10:24:48,28.14,40200,28.14,D
sz000021,深科技,2025-10-17 10:24:51,28.15,23600,28.14,U
sz000021,深科技,2025-10-17 10:24:57,28.16,26700,28.14,U
sz000021,深科技,2025-10-17 10:25:00,28.15,16800,28.16,D
sz000021,深科技,2025-10-17 10:25:03,28.16,15000,28.15,U
sz000021,深科技,2025-10-17 10:25:06,28.17,14800,28.16,U
sz000021,深科技,2025-10-17 10:25:15,28.18,14100,28.17,U
sz000021,深科技,2025-10-17 10:25:24,28.15,46100,28.17,D
sz000021,深科技,2025-10-17 10:25:27,28.14,20700,28.15,D
sz000021,深科技,2025-10-17 10:25:30,28.15,10300,28.14,U
sz000021,深科技,2025-10-17 10:25:33,28.14,44700,28.15,U
sz000021,深科技,2025-10-17 10:25:36,28.15,12300,28.14,U
sz000021,深科技,2025-10-17 10:25:39,28.14,9600,28.15,D
sz000021,深科技,2025-10-17 10:25:42,28.13,36000,28.14,D
sz000021,深科技,2025-10-17 10:25:45,28.14,14400,28.13,U
sz000021,深科技,2025-10-17 10:25:48,28.14,16500,28.14,U
sz000021,深科技,2025-10-17 10:25:51,28.14,14500,28.14,D
sz000021,深科技,2025-10-17 10:25:54,28.15,13300,28.14,U
sz000021,深科技,2025-10-17 10:25:57,28.14,14000,28.15,D
sz000021,深科技,2025-10-17 10:26:00,28.13,14300,28.14,D
sz000021,深科技,2025-10-17 10:26:03,28.08,671900,28.13,D
sz000021,深科技,2025-10-17 10:26:06,28.08,70900,28.08,D
sz000021,深科技,2025-10-17 10:26:09,28.08,44700,28.08,D
sz000021,深科技,2025-10-17 10:26:12,28.08,44800,28.08,D
sz000021,深科技,2025-10-17 10:26:15,28.08,52000,28.08,D
sz000021,深科技,2025-10-17 10:26:18,28.07,60000,28.08,D
sz000021,深科技,2025-10-17 10:26:21,28.07,52600,28.07,U
sz000021,深科技,2025-10-17 10:26:24,28.06,131600,28.07,D
sz000021,深科技,2025-10-17 10:26:27,28.07,69800,28.06,E
sz000021,深科技,2025-10-17 10:26:30,28.1,48900,28.07,U
sz000021,深科技,2025-10-17 10:26:33,28.1,17000,28.1,D
sz000021,深科技,2025-10-17 10:26:36,28.1,21700,28.1,D
sz000021,深科技,2025-10-17 10:26:39,28.12,24400,28.1,E
sz000021,深科技,2025-10-17 10:26:42,28.12,34400,28.12,D
sz000021,深科技,2025-10-17 10:26:45,28.12,33200,28.12,U
sz000021,深科技,2025-10-17 10:26:48,28.11,16300,28.12,E
sz000021,深科技,2025-10-17 10:26:51,28.12,59500,28.11,U
sz000021,深科技,2025-10-17 10:26:54,28.1,27300,28.12,D
sz000021,深科技,2025-10-17 10:26:57,28.11,12800,28.1,U
sz000021,深科技,2025-10-17 10:27:00,28.12,11500,28.11,U
sz000021,深科技,2025-10-17 10:27:03,28.11,119800,28.12,D
sz000021,深科技,2025-10-17 10:27:06,28.14,26600,28.11,U
sz000021,深科技,2025-10-17 10:27:09,28.15,54600,28.14,U
sz000021,深科技,2025-10-17 10:27:12,28.16,18100,28.15,U
sz000021,深科技,2025-10-17 10:27:15,28.17,62700,28.16,U
sz000021,深科技,2025-10-17 10:27:18,28.16,18700,28.17,D
sz000021,深科技,2025-10-17 10:27:21,28.21,20700,28.16,U
sz000021,深科技,2025-10-17 10:27:24,28.18,38600,28.21,D
sz000021,深科技,2025-10-17 10:27:27,28.21,7100,28.18,U
sz000021,深科技,2025-10-17 10:27:30,28.21,15700,28.21,U
sz000021,深科技,2025-10-17 10:27:33,28.21,14900,28.21,U
sz000021,深科技,2025-10-17 10:27:36,28.21,9500,28.21,D
sz000021,深科技,2025-10-17 10:27:39,28.22,20200,28.21,U
sz000021,深科技,2025-10-17 10:27:42,28.23,25300,28.22,U
sz000021,深科技,2025-10-17 10:27:45,28.24,7800,28.23,U
sz000021,深科技,2025-10-17 10:27:48,28.25,10100,28.24,U
sz000021,深科技,2025-10-17 10:27:51,28.25,7500,28.25,U
sz000021,深科技,2025-10-17 10:27:57,28.25,149900,28.25,D
sz000021,深科技,2025-10-17 10:28:00,28.25,62300,28.25,U
sz000021,深科技,2025-10-17 10:28:03,28.25,71300,28.25,U
sz000021,深科技,2025-10-17 10:28:06,28.26,29500,28.25,U
sz000021,深科技,2025-10-17 10:28:09,28.26,24700,28.26,D
sz000021,深科技,2025-10-17 10:28:12,28.26,25200,28.26,U
sz000021,深科技,2025-10-17 10:28:18,28.27,41200,28.27,U
sz000021,深科技,2025-10-17 10:28:21,28.28,23800,28.27,U
sz000021,深科技,2025-10-17 10:28:24,28.28,14700,28.28,U
sz000021,深科技,2025-10-17 10:28:27,28.28,41100,28.28,D
sz000021,深科技,2025-10-17 10:28:30,28.28,54400,28.28,D
sz000021,深科技,2025-10-17 10:28:33,28.29,129100,28.28,U
sz000021,深科技,2025-10-17 10:28:36,28.3,25700,28.29,U
sz000021,深科技,2025-10-17 10:28:39,28.29,40500,28.3,D
sz000021,深科技,2025-10-17 10:28:42,28.29,21400,28.29,U
sz000021,深科技,2025-10-17 10:28:45,28.3,37300,28.29,U
sz000021,深科技,2025-10-17 10:28:48,28.3,16300,28.3,U
sz000021,深科技,2025-10-17 10:28:51,28.3,9600,28.3,U
sz000021,深科技,2025-10-17 10:28:54,28.3,17900,28.3,D
sz000021,深科技,2025-10-17 10:28:57,28.32,99300,28.3,U
sz000021,深科技,2025-10-17 10:29:00,28.27,88500,28.32,D
sz000021,深科技,2025-10-17 10:29:03,28.27,75700,28.27,E
sz000021,深科技,2025-10-17 10:29:06,28.27,31500,28.27,U
sz000021,深科技,2025-10-17 10:29:09,28.25,49900,28.27,D
sz000021,深科技,2025-10-17 10:29:12,28.25,55100,28.25,U
sz000021,深科技,2025-10-17 10:29:15,28.27,21900,28.25,E
sz000021,深科技,2025-10-17 10:29:18,28.2,159500,28.27,D
sz000021,深科技,2025-10-17 10:29:21,28.2,28100,28.2,U
sz000021,深科技,2025-10-17 10:29:27,28.19,24100,28.19,U
sz000021,深科技,2025-10-17 10:29:30,28.19,25100,28.19,D
sz000021,深科技,2025-10-17 10:29:33,28.19,70800,28.19,U
sz000021,深科技,2025-10-17 10:29:36,28.19,10000,28.19,U
sz000021,深科技,2025-10-17 10:29:39,28.18,31900,28.19,D
sz000021,深科技,2025-10-17 10:29:42,28.19,71600,28.18,D
sz000021,深科技,2025-10-17 10:29:45,28.2,56300,28.19,D
sz000021,深科技,2025-10-17 10:29:51,28.2,16800,28.2,U
sz000021,深科技,2025-10-17 10:29:57,28.24,13700,28.25,D
sz000021,深科技,2025-10-17 10:30:00,28.23,17000,28.24,E
sz000021,深科技,2025-10-17 10:30:03,28.2,89000,28.23,D
sz000021,深科技,2025-10-17 10:30:06,28.21,33000,28.2,E
sz000021,深科技,2025-10-17 10:30:09,28.2,8400,28.21,D
sz000021,深科技,2025-10-17 10:30:12,28.2,25800,28.2,D
sz000021,深科技,2025-10-17 10:30:15,28.21,8400,28.2,E
sz000021,深科技,2025-10-17 10:30:18,28.21,24000,28.21,U
sz000021,深科技,2025-10-17 10:30:21,28.2,8900,28.21,D
sz000021,深科技,2025-10-17 10:30:24,28.21,7200,28.2,D
sz000021,深科技,2025-10-17 10:30:30,28.23,7500,28.23,D
sz000021,深科技,2025-10-17 10:30:36,28.22,12600,28.23,U
sz000021,深科技,2025-10-17 10:30:42,28.23,16500,28.23,U
sz000021,深科技,2025-10-17 10:30:45,28.23,16800,28.23,U
sz000021,深科技,2025-10-17 10:30:51,28.21,31800,28.22,D
sz000021,深科技,2025-10-17 10:30:54,28.22,60900,28.21,U
sz000021,深科技,2025-10-17 10:30:57,28.22,85400,28.22,D
sz000021,深科技,2025-10-17 10:31:00,28.22,11500,28.22,D
sz000021,深科技,2025-10-17 10:31:03,28.21,112300,28.22,D
sz000021,深科技,2025-10-17 10:31:06,28.2,16800,28.21,U
sz000021,深科技,2025-10-17 10:31:09,28.2,18600,28.2,U
sz000021,深科技,2025-10-17 10:31:12,28.2,7300,28.2,U
sz000021,深科技,2025-10-17 10:31:15,28.21,26800,28.2,U
sz000021,深科技,2025-10-17 10:31:18,28.22,8712,28.21,U
sz000021,深科技,2025-10-17 10:31:21,28.2,27400,28.22,D
sz000021,深科技,2025-10-17 10:31:24,28.24,49315,28.2,U
sz000021,深科技,2025-10-17 10:31:27,28.26,35500,28.24,U
sz000021,深科技,2025-10-17 10:31:30,28.27,13400,28.26,U
sz000021,深科技,2025-10-17 10:31:33,28.28,8700,28.27,U
sz000021,深科技,2025-10-17 10:31:39,28.3,31900,28.28,U
sz000021,深科技,2025-10-17 10:31:45,28.32,12000,28.29,U
sz000021,深科技,2025-10-17 10:31:48,28.32,9800,28.32,E
sz000021,深科技,2025-10-17 10:31:57,28.34,7800,28.34,U
sz000021,深科技,2025-10-17 10:32:00,28.34,27500,28.34,U
sz000021,深科技,2025-10-17 10:32:03,28.34,41000,28.34,U
sz000021,深科技,2025-10-17 10:32:06,28.33,52000,28.34,D
sz000021,深科技,2025-10-17 10:32:09,28.34,27500,28.33,U
sz000021,深科技,2025-10-17 10:32:12,28.34,12900,28.34,E
sz000021,深科技,2025-10-17 10:32:18,28.35,22900,28.35,U
sz000021,深科技,2025-10-17 10:32:21,28.34,25300,28.35,D
sz000021,深科技,2025-10-17 10:32:24,28.36,9000,28.34,U
sz000021,深科技,2025-10-17 10:32:30,28.36,23301,28.36,U
sz000021,深科技,2025-10-17 10:32:36,28.37,42900,28.36,U
sz000021,深科技,2025-10-17 10:32:42,28.38,7200,28.38,U
sz000021,深科技,2025-10-17 10:32:45,28.38,31700,28.38,D
sz000021,深科技,2025-10-17 10:32:48,28.39,7900,28.38,U
sz000021,深科技,2025-10-17 10:32:51,28.39,23000,28.39,U
sz000021,深科技,2025-10-17 10:32:54,28.39,8000,28.39,U
sz000021,深科技,2025-10-17 10:32:57,28.39,11700,28.39,U
sz000021,深科技,2025-10-17 10:33:00,28.4,28700,28.39,U
sz000021,深科技,2025-10-17 10:33:03,28.4,23200,28.4,U
sz000021,深科技,2025-10-17 10:33:06,28.38,56000,28.4,D
sz000021,深科技,2025-10-17 10:33:09,28.38,32200,28.38,U
sz000021,深科技,2025-10-17 10:33:12,28.38,29400,28.38,U
sz000021,深科技,2025-10-17 10:33:15,28.39,13500,28.38,U
sz000021,深科技,2025-10-17 10:33:18,28.38,15800,28.39,D
sz000021,深科技,2025-10-17 10:33:21,28.39,109400,28.38,U
sz000021,深科技,2025-10-17 10:33:24,28.42,14800,28.39,U
sz000021,深科技,2025-10-17 10:33:27,28.42,9900,28.42,U
sz000021,深科技,2025-10-17 10:33:30,28.43,14000,28.42,U
sz000021,深科技,2025-10-17 10:33:33,28.42,9700,28.43,D
sz000021,深科技,2025-10-17 10:33:36,28.41,39100,28.42,D
sz000021,深科技,2025-10-17 10:33:39,28.41,49600,28.41,U
sz000021,深科技,2025-10-17 10:33:42,28.41,15800,28.41,D
sz000021,深科技,2025-10-17 10:33:45,28.41,21400,28.41,U
sz000021,深科技,2025-10-17 10:33:48,28.41,44500,28.41,U
sz000021,深科技,2025-10-17 10:33:51,28.41,10500,28.41,D
sz000021,深科技,2025-10-17 10:33:54,28.43,7300,28.41,U
sz000021,深科技,2025-10-17 10:33:57,28.42,8600,28.43,D
sz000021,深科技,2025-10-17 10:34:00,28.43,29000,28.42,U
sz000021,深科技,2025-10-17 10:34:03,28.44,37200,28.43,U
sz000021,深科技,2025-10-17 10:34:06,28.43,20600,28.44,D
sz000021,深科技,2025-10-17 10:34:09,28.44,26300,28.43,U
sz000021,深科技,2025-10-17 10:34:12,28.43,32200,28.44,D
sz000021,深科技,2025-10-17 10:34:15,28.43,20000,28.43,U
sz000021,深科技,2025-10-17 10:34:18,28.43,68300,28.43,D
sz000021,深科技,2025-10-17 10:34:21,28.42,38200,28.43,D
sz000021,深科技,2025-10-17 10:34:24,28.43,43500,28.42,U
sz000021,深科技,2025-10-17 10:34:27,28.44,22800,28.43,U
sz000021,深科技,2025-10-17 10:34:30,28.42,18400,28.44,D
sz000021,深科技,2025-10-17 10:34:36,28.43,17900,28.44,D
sz000021,深科技,2025-10-17 10:34:39,28.43,42200,28.43,D
sz000021,深科技,2025-10-17 10:34:42,28.44,11400,28.43,U
sz000021,深科技,2025-10-17 10:34:45,28.43,30800,28.44,D
sz000021,深科技,2025-10-17 10:34:48,28.42,39100,28.43,E
sz000021,深科技,2025-10-17 10:34:51,28.41,48300,28.42,E
sz000021,深科技,2025-10-17 10:34:54,28.4,50200,28.41,D
sz000021,深科技,2025-10-17 10:34:57,28.42,19400,28.4,U
sz000021,深科技,2025-10-17 10:35:00,28.41,13900,28.42,D
sz000021,深科技,2025-10-17 10:35:03,28.41,36100,28.41,D
sz000021,深科技,2025-10-17 10:35:06,28.4,14200,28.41,D
sz000021,深科技,2025-10-17 10:35:09,28.41,42200,28.4,U
sz000021,深科技,2025-10-17 10:35:12,28.41,26100,28.41,U
sz000021,深科技,2025-10-17 10:35:15,28.41,14500,28.41,D
sz000021,深科技,2025-10-17 10:35:18,28.41,15100,28.41,U
sz000021,深科技,2025-10-17 10:35:24,28.41,36100,28.41,D
sz000021,深科技,2025-10-17 10:35:27,28.41,16800,28.41,D
sz000021,深科技,2025-10-17 10:35:30,28.41,22500,28.41,U
sz000021,深科技,2025-10-17 10:35:33,28.4,27700,28.41,D
sz000021,深科技,2025-10-17 10:35:36,28.4,39000,28.4,D
sz000021,深科技,2025-10-17 10:35:39,28.4,13600,28.4,D
sz000021,深科技,2025-10-17 10:35:42,28.4,19500,28.4,D
sz000021,深科技,2025-10-17 10:35:45,28.4,32000,28.4,D
sz000021,深科技,2025-10-17 10:35:48,28.39,15100,28.4,D
sz000021,深科技,2025-10-17 10:35:51,28.38,92400,28.39,D
sz000021,深科技,2025-10-17 10:35:54,28.37,11800,28.38,D
sz000021,深科技,2025-10-17 10:35:57,28.38,9600,28.37,U
sz000021,深科技,2025-10-17 10:36:00,28.37,21600,28.38,D
sz000021,深科技,2025-10-17 10:36:06,28.37,20300,28.37,U
sz000021,深科技,2025-10-17 10:36:09,28.36,20300,28.37,D
sz000021,深科技,2025-10-17 10:36:12,28.36,43300,28.36,D
sz000021,深科技,2025-10-17 10:36:15,28.35,9700,28.36,D
sz000021,深科技,2025-10-17 10:36:18,28.35,17800,28.35,D
sz000021,深科技,2025-10-17 10:36:21,28.33,10600,28.35,D
sz000021,深科技,2025-10-17 10:36:24,28.31,27100,28.33,D
sz000021,深科技,2025-10-17 10:36:27,28.31,18300,28.31,D
sz000021,深科技,2025-10-17 10:36:33,28.3,29000,28.31,D
sz000021,深科技,2025-10-17 10:36:36,28.29,92200,28.3,D
sz000021,深科技,2025-10-17 10:36:39,28.28,15400,28.29,D
sz000021,深科技,2025-10-17 10:36:42,28.28,24700,28.28,D
sz000021,深科技,2025-10-17 10:36:48,28.27,9400,28.27,U
sz000021,深科技,2025-10-17 10:36:51,28.26,23000,28.27,E
sz000021,深科技,2025-10-17 10:36:54,28.26,29200,28.26,D
sz000021,深科技,2025-10-17 10:36:57,28.25,14200,28.26,E
sz000021,深科技,2025-10-17 10:37:03,28.25,134300,28.25,D
sz000021,深科技,2025-10-17 10:37:09,28.19,31500,28.24,D
sz000021,深科技,2025-10-17 10:37:12,28.24,14200,28.19,E
sz000021,深科技,2025-10-17 10:37:15,28.25,15900,28.24,U
sz000021,深科技,2025-10-17 10:37:18,28.28,26300,28.25,U
sz000021,深科技,2025-10-17 10:37:21,28.24,204500,28.28,D
sz000021,深科技,2025-10-17 10:37:27,28.27,9000,28.27,D
sz000021,深科技,2025-10-17 10:37:30,28.28,15800,28.27,U
sz000021,深科技,2025-10-17 10:37:33,28.29,14500,28.28,U
sz000021,深科技,2025-10-17 10:37:36,28.29,12100,28.29,U
sz000021,深科技,2025-10-17 10:37:39,28.29,8400,28.29,D
sz000021,深科技,2025-10-17 10:37:42,28.29,20900,28.29,D
sz000021,深科技,2025-10-17 10:37:45,28.29,13300,28.29,U
sz000021,深科技,2025-10-17 10:37:48,28.29,11400,28.29,U
sz000021,深科技,2025-10-17 10:37:51,28.28,12900,28.29,D
sz000021,深科技,2025-10-17 10:37:54,28.29,15300,28.28,U
sz000021,深科技,2025-10-17 10:37:57,28.28,18300,28.29,D
sz000021,深科技,2025-10-17 10:38:00,28.28,17900,28.28,D
sz000021,深科技,2025-10-17 10:38:03,28.25,84513,28.28,D
sz000021,深科技,2025-10-17 10:38:06,28.26,18700,28.25,U
sz000021,深科技,2025-10-17 10:38:09,28.25,16800,28.26,D
sz000021,深科技,2025-10-17 10:38:12,28.27,8987,28.25,U
sz000021,深科技,2025-10-17 10:38:15,28.27,7713,28.27,U
sz000021,深科技,2025-10-17 10:38:18,28.25,10487,28.27,D
sz000021,深科技,2025-10-17 10:38:24,28.26,19600,28.25,U
sz000021,深科技,2025-10-17 10:38:27,28.26,8100,28.26,D
sz000021,深科技,2025-10-17 10:38:33,28.25,17300,28.26,D
sz000021,深科技,2025-10-17 10:38:36,28.25,19600,28.25,D
sz000021,深科技,2025-10-17 10:38:42,28.24,18500,28.25,D
sz000021,深科技,2025-10-17 10:38:45,28.24,20400,28.24,D
sz000021,深科技,2025-10-17 10:38:48,28.23,12700,28.24,D
sz000021,深科技,2025-10-17 10:38:51,28.23,36900,28.23,D
sz000021,深科技,2025-10-17 10:38:54,28.23,9700,28.23,U
sz000021,深科技,2025-10-17 10:38:57,28.24,21600,28.23,U
sz000021,深科技,2025-10-17 10:39:00,28.22,48500,28.24,D
sz000021,深科技,2025-10-17 10:39:06,28.23,11400,28.23,D
sz000021,深科技,2025-10-17 10:39:09,28.23,39000,28.23,U
sz000021,深科技,2025-10-17 10:39:12,28.23,21200,28.23,D
sz000021,深科技,2025-10-17 10:39:15,28.23,8300,28.23,D
sz000021,深科技,2025-10-17 10:39:18,28.23,7800,28.23,D
sz000021,深科技,2025-10-17 10:39:24,28.22,20600,28.23,D
sz000021,深科技,2025-10-17 10:39:30,28.22,19900,28.22,U
sz000021,深科技,2025-10-17 10:39:33,28.22,21600,28.22,D
sz000021,深科技,2025-10-17 10:39:36,28.23,55300,28.22,U
sz000021,深科技,2025-10-17 10:39:39,28.22,30100,28.23,D
sz000021,深科技,2025-10-17 10:39:42,28.23,13100,28.22,U
sz000021,深科技,2025-10-17 10:39:45,28.22,9600,28.23,D
sz000021,深科技,2025-10-17 10:39:48,28.22,17000,28.22,U
sz000021,深科技,2025-10-17 10:39:51,28.22,13000,28.22,U
sz000021,深科技,2025-10-17 10:39:57,28.23,18500,28.22,U
sz000021,深科技,2025-10-17 10:40:06,28.24,11600,28.24,U
sz000021,深科技,2025-10-17 10:40:09,28.25,42800,28.24,U
sz000021,深科技,2025-10-17 10:40:12,28.3,80313,28.25,U
sz000021,深科技,2025-10-17 10:40:15,28.31,13600,28.3,U
sz000021,深科技,2025-10-17 10:40:18,28.34,37100,28.31,U
sz000021,深科技,2025-10-17 10:40:21,28.35,36100,28.34,E
sz000021,深科技,2025-10-17 10:40:27,28.39,7800,28.36,U
sz000021,深科技,2025-10-17 10:40:33,28.39,7700,28.39,U
sz000021,深科技,2025-10-17 10:40:36,28.39,14900,28.39,U
sz000021,深科技,2025-10-17 10:40:39,28.39,26000,28.39,D
sz000021,深科技,2025-10-17 10:40:42,28.39,29800,28.39,D
sz000021,深科技,2025-10-17 10:40:45,28.37,7200,28.39,D
sz000021,深科技,2025-10-17 10:40:51,28.37,13500,28.37,U
sz000021,深科技,2025-10-17 10:40:54,28.35,71000,28.37,D
sz000021,深科技,2025-10-17 10:40:57,28.36,12100,28.35,U
sz000021,深科技,2025-10-17 10:41:00,28.36,25400,28.36,U
sz000021,深科技,2025-10-17 10:41:03,28.36,26400,28.36,U
sz000021,深科技,2025-10-17 10:41:06,28.34,18300,28.36,E
sz000021,深科技,2025-10-17 10:41:09,28.35,13300,28.34,U
sz000021,深科技,2025-10-17 10:41:12,28.34,35900,28.35,D
sz000021,深科技,2025-10-17 10:41:15,28.32,9400,28.34,E
sz000021,深科技,2025-10-17 10:41:21,28.34,13600,28.34,U
sz000021,深科技,2025-10-17 10:41:24,28.33,22400,28.34,D
sz000021,深科技,2025-10-17 10:41:27,28.32,10800,28.33,E
sz000021,深科技,2025-10-17 10:41:33,28.3,32600,28.33,D
sz000021,深科技,2025-10-17 10:41:36,28.3,19000,28.3,U
sz000021,深科技,2025-10-17 10:41:45,28.28,17700,28.28,D
sz000021,深科技,2025-10-17 10:41:48,28.27,7400,28.28,D
sz000021,深科技,2025-10-17 10:41:51,28.28,7500,28.27,U
sz000021,深科技,2025-10-17 10:41:54,28.28,8300,28.28,D
sz000021,深科技,2025-10-17 10:41:57,28.29,24200,28.28,U
sz000021,深科技,2025-10-17 10:42:00,28.29,47000,28.29,D
sz000021,深科技,2025-10-17 10:42:03,28.29,12900,28.29,U
sz000021,深科技,2025-10-17 10:42:06,28.28,25800,28.29,D
sz000021,深科技,2025-10-17 10:42:09,28.3,44300,28.28,U
sz000021,深科技,2025-10-17 10:42:12,28.33,23700,28.3,U
sz000021,深科技,2025-10-17 10:42:15,28.3,17100,28.33,D
sz000021,深科技,2025-10-17 10:42:18,28.3,7200,28.3,D
sz000021,深科技,2025-10-17 10:42:24,28.32,19600,28.3,U
sz000021,深科技,2025-10-17 10:42:27,28.31,29600,28.32,E
sz000021,深科技,2025-10-17 10:42:30,28.32,28100,28.31,U
sz000021,深科技,2025-10-17 10:42:33,28.32,13000,28.32,D
sz000021,深科技,2025-10-17 10:42:36,28.32,8700,28.32,D
sz000021,深科技,2025-10-17 10:42:39,28.31,23000,28.32,U
sz000021,深科技,2025-10-17 10:42:42,28.3,36800,28.31,D
sz000021,深科技,2025-10-17 10:42:48,28.33,39400,28.31,U
sz000021,深科技,2025-10-17 10:43:00,28.32,9400,28.32,D
sz000021,深科技,2025-10-17 10:43:03,28.32,24400,28.32,D
sz000021,深科技,2025-10-17 10:43:06,28.31,10300,28.32,D
sz000021,深科技,2025-10-17 10:43:09,28.3,31800,28.31,D
sz000021,深科技,2025-10-17 10:43:12,28.3,40400,28.3,D
sz000021,深科技,2025-10-17 10:43:15,28.29,19400,28.3,D
sz000021,深科技,2025-10-17 10:43:18,28.28,49900,28.29,D
sz000021,深科技,2025-10-17 10:43:21,28.26,17600,28.28,D
sz000021,深科技,2025-10-17 10:43:24,28.28,13600,28.26,U
sz000021,深科技,2025-10-17 10:43:27,28.28,10900,28.28,U
sz000021,深科技,2025-10-17 10:43:30,28.27,7400,28.28,D
sz000021,深科技,2025-10-17 10:43:33,28.27,19000,28.27,U
sz000021,深科技,2025-10-17 10:43:36,28.25,73100,28.27,D
sz000021,深科技,2025-10-17 10:43:42,28.22,84200,28.23,D
sz000021,深科技,2025-10-17 10:43:48,28.23,39300,28.23,U
sz000021,深科技,2025-10-17 10:43:51,28.23,15500,28.23,U
sz000021,深科技,2025-10-17 10:43:54,28.22,27800,28.23,D
sz000021,深科技,2025-10-17 10:43:57,28.22,16100,28.22,U
sz000021,深科技,2025-10-17 10:44:00,28.21,40687,28.22,D
sz000021,深科技,2025-10-17 10:44:03,28.22,77413,28.21,U
sz000021,深科技,2025-10-17 10:44:06,28.23,25200,28.22,U
sz000021,深科技,2025-10-17 10:44:09,28.26,48700,28.23,U
sz000021,深科技,2025-10-17 10:44:12,28.23,10800,28.26,D
sz000021,深科技,2025-10-17 10:44:15,28.24,9100,28.23,D
sz000021,深科技,2025-10-17 10:44:18,28.23,8100,28.24,D
sz000021,深科技,2025-10-17 10:44:21,28.23,14400,28.23,D
sz000021,深科技,2025-10-17 10:44:24,28.25,27100,28.23,U
sz000021,深科技,2025-10-17 10:44:27,28.25,7200,28.25,U
sz000021,深科技,2025-10-17 10:44:30,28.24,130900,28.25,D
sz000021,深科技,2025-10-17 10:44:36,28.24,8500,28.25,E
sz000021,深科技,2025-10-17 10:44:39,28.25,12700,28.24,U
sz000021,深科技,2025-10-17 10:44:48,28.23,20200,28.23,D
sz000021,深科技,2025-10-17 10:44:51,28.24,19100,28.23,U
sz000021,深科技,2025-10-17 10:44:54,28.23,10000,28.24,D
sz000021,深科技,2025-10-17 10:44:57,28.22,27700,28.23,D
sz000021,深科技,2025-10-17 10:45:00,28.22,87300,28.22,U
sz000021,深科技,2025-10-17 10:45:03,28.2,64388,28.22,D
sz000021,深科技,2025-10-17 10:45:06,28.2,48000,28.2,D
sz000021,深科技,2025-10-17 10:45:09,28.21,60000,28.2,U
sz000021,深科技,2025-10-17 10:45:12,28.2,36400,28.21,D
sz000021,深科技,2025-10-17 10:45:15,28.21,15700,28.2,U
sz000021,深科技,2025-10-17 10:45:18,28.2,16100,28.21,D
sz000021,深科技,2025-10-17 10:45:21,28.2,13400,28.2,U
sz000021,深科技,2025-10-17 10:45:24,28.19,28700,28.2,D
sz000021,深科技,2025-10-17 10:45:27,28.2,14200,28.19,U
sz000021,深科技,2025-10-17 10:45:36,28.18,19712,28.19,D
sz000021,深科技,2025-10-17 10:45:42,28.18,17400,28.18,U
sz000021,深科技,2025-10-17 10:45:45,28.17,10200,28.18,D
sz000021,深科技,2025-10-17 10:45:48,28.17,27500,28.17,U
sz000021,深科技,2025-10-17 10:45:51,28.18,20500,28.17,U
sz000021,深科技,2025-10-17 10:45:54,28.17,8900,28.18,U
sz000021,深科技,2025-10-17 10:45:57,28.18,16500,28.17,U
sz000021,深科技,2025-10-17 10:46:00,28.18,8600,28.18,U
sz000021,深科技,2025-10-17 10:46:03,28.16,22588,28.18,D
sz000021,深科技,2025-10-17 10:46:06,28.17,24200,28.16,U
sz000021,深科技,2025-10-17 10:46:15,28.17,13800,28.16,U
sz000021,深科技,2025-10-17 10:46:18,28.16,10400,28.17,D
sz000021,深科技,2025-10-17 10:46:21,28.16,32412,28.16,D
sz000021,深科技,2025-10-17 10:46:24,28.2,153988,28.16,U
sz000021,深科技,2025-10-17 10:46:27,28.23,17600,28.2,U
sz000021,深科技,2025-10-17 10:46:30,28.22,25700,28.23,D
sz000021,深科技,2025-10-17 10:46:33,28.24,15600,28.22,D
sz000021,深科技,2025-10-17 10:46:39,28.24,11000,28.24,U
sz000021,深科技,2025-10-17 10:46:42,28.23,8600,28.24,D
sz000021,深科技,2025-10-17 10:46:45,28.26,35100,28.23,U
sz000021,深科技,2025-10-17 10:46:48,28.27,55800,28.26,E
sz000021,深科技,2025-10-17 10:46:51,28.24,29600,28.27,E
sz000021,深科技,2025-10-17 10:46:54,28.27,13600,28.24,U
sz000021,深科技,2025-10-17 10:47:03,28.23,15200,28.25,D
sz000021,深科技,2025-10-17 10:47:12,28.22,7600,28.22,U
sz000021,深科技,2025-10-17 10:47:24,28.21,21900,28.21,U
sz000021,深科技,2025-10-17 10:47:27,28.2,13800,28.21,D
sz000021,深科技,2025-10-17 10:47:30,28.2,8000,28.2,E
sz000021,深科技,2025-10-17 10:47:36,28.17,16300,28.19,D
sz000021,深科技,2025-10-17 10:47:42,28.17,66042,28.17,D
sz000021,深科技,2025-10-17 10:47:45,28.18,102800,28.17,U
sz000021,深科技,2025-10-17 10:47:48,28.17,69400,28.18,D
sz000021,深科技,2025-10-17 10:47:51,28.17,68358,28.17,D
sz000021,深科技,2025-10-17 10:47:54,28.16,10600,28.17,D
sz000021,深科技,2025-10-17 10:47:57,28.17,45600,28.16,U
sz000021,深科技,2025-10-17 10:48:00,28.15,40700,28.17,D
sz000021,深科技,2025-10-17 10:48:03,28.15,63300,28.15,U
sz000021,深科技,2025-10-17 10:48:06,28.17,18400,28.15,U
sz000021,深科技,2025-10-17 10:48:09,28.15,55900,28.17,D
sz000021,深科技,2025-10-17 10:48:12,28.15,63400,28.15,U
sz000021,深科技,2025-10-17 10:48:15,28.15,9100,28.15,D
sz000021,深科技,2025-10-17 10:48:18,28.16,7400,28.15,D
sz000021,深科技,2025-10-17 10:48:24,28.15,21400,28.16,D
sz000021,深科技,2025-10-17 10:48:27,28.15,15800,28.15,U
sz000021,深科技,2025-10-17 10:48:30,28.15,21000,28.15,D
sz000021,深科技,2025-10-17 10:48:33,28.15,14900,28.15,U
sz000021,深科技,2025-10-17 10:48:36,28.15,33100,28.15,U
sz000021,深科技,2025-10-17 10:48:39,28.15,18600,28.15,U
sz000021,深科技,2025-10-17 10:48:42,28.14,7900,28.15,D
sz000021,深科技,2025-10-17 10:48:45,28.14,12500,28.14,U
sz000021,深科技,2025-10-17 10:48:48,28.13,10400,28.14,D
sz000021,深科技,2025-10-17 10:48:51,28.13,7900,28.13,D
sz000021,深科技,2025-10-17 10:48:54,28.13,39300,28.13,D
sz000021,深科技,2025-10-17 10:48:57,28.13,39600,28.13,U
sz000021,深科技,2025-10-17 10:49:00,28.13,8300,28.13,U
sz000021,深科技,2025-10-17 10:49:03,28.13,9500,28.13,D
sz000021,深科技,2025-10-17 10:49:09,28.13,89300,28.14,D
sz000021,深科技,2025-10-17 10:49:12,28.12,16500,28.13,D
sz000021,深科技,2025-10-17 10:49:15,28.12,8800,28.12,U
sz000021,深科技,2025-10-17 10:49:21,28.12,77300,28.11,U
sz000021,深科技,2025-10-17 10:49:24,28.12,37500,28.12,U
sz000021,深科技,2025-10-17 10:49:27,28.12,30400,28.12,U
sz000021,深科技,2025-10-17 10:49:30,28.12,20800,28.12,U
sz000021,深科技,2025-10-17 10:49:33,28.11,40900,28.12,D
sz000021,深科技,2025-10-17 10:49:36,28.11,10800,28.11,D
sz000021,深科技,2025-10-17 10:49:39,28.11,27400,28.11,D
sz000021,深科技,2025-10-17 10:49:42,28.11,49000,28.11,U
sz000021,深科技,2025-10-17 10:49:45,28.11,13100,28.11,U
sz000021,深科技,2025-10-17 10:49:48,28.11,45300,28.11,U
sz000021,深科技,2025-10-17 10:49:51,28.11,17000,28.11,U
sz000021,深科技,2025-10-17 10:49:54,28.11,26600,28.11,U
sz000021,深科技,2025-10-17 10:49:57,28.1,30000,28.11,D
sz000021,深科技,2025-10-17 10:50:00,28.11,13600,28.1,U
sz000021,深科技,2025-10-17 10:50:03,28.11,11300,28.11,U
sz000021,深科技,2025-10-17 10:50:09,28.11,11200,28.12,D
sz000021,深科技,2025-10-17 10:50:12,28.11,58900,28.11,D
sz000021,深科技,2025-10-17 10:50:15,28.11,9000,28.11,D
sz000021,深科技,2025-10-17 10:50:18,28.11,39100,28.11,U
sz000021,深科技,2025-10-17 10:50:21,28.11,15900,28.11,U
sz000021,深科技,2025-10-17 10:50:30,28.1,274400,28.11,D
sz000021,深科技,2025-10-17 10:50:33,28.1,31300,28.1,D
sz000021,深科技,2025-10-17 10:50:36,28.1,103500,28.1,D
sz000021,深科技,2025-10-17 10:50:39,28.09,33000,28.1,D
sz000021,深科技,2025-10-17 10:50:42,28.09,14400,28.09,D
sz000021,深科技,2025-10-17 10:50:48,28.09,55300,28.09,U
sz000021,深科技,2025-10-17 10:50:51,28.08,27400,28.09,D
sz000021,深科技,2025-10-17 10:50:54,28.08,11800,28.08,D
sz000021,深科技,2025-10-17 10:50:57,28.08,64500,28.08,D
sz000021,深科技,2025-10-17 10:51:00,28.07,28400,28.08,D
sz000021,深科技,2025-10-17 10:51:03,28.07,44900,28.07,D
sz000021,深科技,2025-10-17 10:51:06,28.07,23300,28.07,D
sz000021,深科技,2025-10-17 10:51:09,28.06,17600,28.07,D
sz000021,深科技,2025-10-17 10:51:12,28.06,14200,28.06,D
sz000021,深科技,2025-10-17 10:51:15,28.06,214800,28.06,D
sz000021,深科技,2025-10-17 10:51:18,28.05,146100,28.06,D
sz000021,深科技,2025-10-17 10:51:21,28.05,39200,28.05,D
sz000021,深科技,2025-10-17 10:51:24,28.02,90400,28.05,D
sz000021,深科技,2025-10-17 10:51:27,28.02,40000,28.02,D
sz000021,深科技,2025-10-17 10:51:30,28.02,116200,28.02,D
sz000021,深科技,2025-10-17 10:51:33,28.01,151400,28.02,D
sz000021,深科技,2025-10-17 10:51:36,28.01,38900,28.01,D
sz000021,深科技,2025-10-17 10:51:39,28.01,128400,28.01,D
sz000021,深科技,2025-10-17 10:51:42,28.01,48300,28.01,D
sz000021,深科技,2025-10-17 10:51:45,28.01,50900,28.01,U
sz000021,深科技,2025-10-17 10:51:48,28.0,256600,28.01,D
sz000021,深科技,2025-10-17 10:51:51,28.0,105800,28.0,D
sz000021,深科技,2025-10-17 10:51:54,28.0,129000,28.0,D
sz000021,深科技,2025-10-17 10:51:57,28.01,261800,28.0,U
sz000021,深科技,2025-10-17 10:52:00,28.02,75400,28.01,U
sz000021,深科技,2025-10-17 10:52:03,28.02,42000,28.02,U
sz000021,深科技,2025-10-17 10:52:06,28.02,98078,28.02,D
sz000021,深科技,2025-10-17 10:52:09,28.02,32500,28.02,D
sz000021,深科技,2025-10-17 10:52:12,28.02,32200,28.02,U
sz000021,深科技,2025-10-17 10:52:15,28.03,42500,28.02,U
sz000021,深科技,2025-10-17 10:52:18,28.05,31700,28.03,U
sz000021,深科技,2025-10-17 10:52:21,28.03,10000,28.05,D
sz000021,深科技,2025-10-17 10:52:24,28.05,9100,28.03,U
sz000021,深科技,2025-10-17 10:52:30,28.05,60600,28.04,U
sz000021,深科技,2025-10-17 10:52:33,28.07,11000,28.05,U
sz000021,深科技,2025-10-17 10:52:39,28.06,58000,28.06,D
sz000021,深科技,2025-10-17 10:52:42,28.06,27500,28.06,U
sz000021,深科技,2025-10-17 10:52:45,28.06,17400,28.06,U
sz000021,深科技,2025-10-17 10:52:48,28.06,14600,28.06,U
sz000021,深科技,2025-10-17 10:52:51,28.06,10100,28.06,U
sz000021,深科技,2025-10-17 10:52:57,28.07,16900,28.06,U
sz000021,深科技,2025-10-17 10:53:03,28.07,22500,28.07,U
sz000021,深科技,2025-10-17 10:53:06,28.06,14100,28.07,D
sz000021,深科技,2025-10-17 10:53:09,28.06,9300,28.06,D
sz000021,深科技,2025-10-17 10:53:12,28.06,15600,28.06,D
sz000021,深科技,2025-10-17 10:53:15,28.06,20400,28.06,U
sz000021,深科技,2025-10-17 10:53:18,28.05,28700,28.06,D
sz000021,深科技,2025-10-17 10:53:21,28.05,34000,28.05,D
sz000021,深科技,2025-10-17 10:53:24,28.05,24400,28.05,U
sz000021,深科技,2025-10-17 10:53:27,28.03,17700,28.05,D
sz000021,深科技,2025-10-17 10:53:30,28.04,32900,28.03,U
sz000021,深科技,2025-10-17 10:53:33,28.03,8500,28.04,D
sz000021,深科技,2025-10-17 10:53:36,28.03,65800,28.03,D
sz000021,深科技,2025-10-17 10:53:39,28.03,12100,28.03,D
sz000021,深科技,2025-10-17 10:53:42,28.03,11400,28.03,D
sz000021,深科技,2025-10-17 10:53:48,28.03,17700,28.02,U
sz000021,深科技,2025-10-17 10:53:51,28.02,19000,28.03,D
sz000021,深科技,2025-10-17 10:53:54,28.02,19500,28.02,U
sz000021,深科技,2025-10-17 10:53:57,28.02,15900,28.02,U
sz000021,深科技,2025-10-17 10:54:00,28.02,44300,28.02,U
sz000021,深科技,2025-10-17 10:54:03,28.02,11000,28.02,D
sz000021,深科技,2025-10-17 10:54:06,28.03,68200,28.02,U
sz000021,深科技,2025-10-17 10:54:09,28.02,32900,28.03,D
sz000021,深科技,2025-10-17 10:54:12,28.04,233700,28.02,U
sz000021,深科技,2025-10-17 10:54:15,28.03,19300,28.04,D
sz000021,深科技,2025-10-17 10:54:18,28.04,45300,28.03,D
sz000021,深科技,2025-10-17 10:54:21,28.04,18200,28.04,U
sz000021,深科技,2025-10-17 10:54:24,28.05,55900,28.04,U
sz000021,深科技,2025-10-17 10:54:27,28.08,14900,28.05,U
sz000021,深科技,2025-10-17 10:54:30,28.08,20600,28.08,U
sz000021,深科技,2025-10-17 10:54:33,28.05,95400,28.08,D
sz000021,深科技,2025-10-17 10:54:42,28.08,21500,28.09,D
sz000021,深科技,2025-10-17 10:54:51,28.1,9100,28.09,U
sz000021,深科技,2025-10-17 10:54:57,28.13,10500,28.11,U
sz000021,深科技,2025-10-17 10:55:00,28.13,8500,28.13,U
sz000021,深科技,2025-10-17 10:55:03,28.12,49400,28.13,D
sz000021,深科技,2025-10-17 10:55:06,28.13,17800,28.12,U
sz000021,深科技,2025-10-17 10:55:15,28.13,19600,28.13,D
sz000021,深科技,2025-10-17 10:55:18,28.14,19800,28.13,U
sz000021,深科技,2025-10-17 10:55:21,28.14,13300,28.14,U
sz000021,深科技,2025-10-17 10:55:24,28.15,26300,28.14,U
sz000021,深科技,2025-10-17 10:55:30,28.16,11800,28.15,U
sz000021,深科技,2025-10-17 10:55:33,28.17,7100,28.16,U
sz000021,深科技,2025-10-17 10:55:36,28.16,9400,28.17,D
sz000021,深科技,2025-10-17 10:55:39,28.16,39100,28.16,U
sz000021,深科技,2025-10-17 10:55:42,28.15,23200,28.16,D
sz000021,深科技,2025-10-17 10:55:48,28.13,128600,28.17,D
sz000021,深科技,2025-10-17 10:55:51,28.14,25100,28.13,U
sz000021,深科技,2025-10-17 10:55:54,28.13,9900,28.14,E
sz000021,深科技,2025-10-17 10:55:57,28.12,9600,28.13,D
sz000021,深科技,2025-10-17 10:56:00,28.13,94100,28.12,U
sz000021,深科技,2025-10-17 10:56:03,28.13,13500,28.13,D
sz000021,深科技,2025-10-17 10:56:06,28.11,11300,28.13,D
sz000021,深科技,2025-10-17 10:56:09,28.11,41800,28.11,D
sz000021,深科技,2025-10-17 10:56:12,28.12,15800,28.11,U
sz000021,深科技,2025-10-17 10:56:21,28.12,11700,28.12,U
sz000021,深科技,2025-10-17 10:56:24,28.12,10000,28.12,U
sz000021,深科技,2025-10-17 10:56:27,28.12,11800,28.12,U
sz000021,深科技,2025-10-17 10:56:30,28.13,13300,28.12,U
sz000021,深科技,2025-10-17 10:56:33,28.11,8400,28.13,D
sz000021,深科技,2025-10-17 10:56:36,28.12,17500,28.11,U
sz000021,深科技,2025-10-17 10:56:39,28.13,26400,28.12,U
sz000021,深科技,2025-10-17 10:56:42,28.12,24800,28.13,D
sz000021,深科技,2025-10-17 10:56:48,28.11,11900,28.12,D
sz000021,深科技,2025-10-17 10:56:51,28.12,22600,28.11,D
sz000021,深科技,2025-10-17 10:57:00,28.11,45000,28.12,D
sz000021,深科技,2025-10-17 10:57:06,28.11,9400,28.11,U
sz000021,深科技,2025-10-17 10:57:09,28.11,72600,28.11,U
sz000021,深科技,2025-10-17 10:57:12,28.1,18300,28.11,U
sz000021,深科技,2025-10-17 10:57:15,28.1,8300,28.1,E
sz000021,深科技,2025-10-17 10:57:18,28.11,9300,28.1,U
sz000021,深科技,2025-10-17 10:57:24,28.1,25300,28.1,U
sz000021,深科技,2025-10-17 10:57:30,28.1,13100,28.09,U
sz000021,深科技,2025-10-17 10:57:36,28.09,7200,28.09,U
sz000021,深科技,2025-10-17 10:57:39,28.08,31400,28.09,D
sz000021,深科技,2025-10-17 10:57:42,28.08,8900,28.08,U
sz000021,深科技,2025-10-17 10:57:45,28.08,16600,28.08,U
sz000021,深科技,2025-10-17 10:57:48,28.08,30600,28.08,U
sz000021,深科技,2025-10-17 10:57:51,28.07,15800,28.08,D
sz000021,深科技,2025-10-17 10:57:54,28.07,16600,28.07,U
sz000021,深科技,2025-10-17 10:57:57,28.06,43200,28.07,D
sz000021,深科技,2025-10-17 10:58:00,28.06,9300,28.06,U
sz000021,深科技,2025-10-17 10:58:03,28.05,66400,28.06,D
sz000021,深科技,2025-10-17 10:58:06,28.06,28300,28.05,U
sz000021,深科技,2025-10-17 10:58:09,28.06,25600,28.06,U
sz000021,深科技,2025-10-17 10:58:12,28.07,7900,28.06,U
sz000021,深科技,2025-10-17 10:58:18,28.06,9800,28.06,D
sz000021,深科技,2025-10-17 10:58:21,28.07,33300,28.06,U
sz000021,深科技,2025-10-17 10:58:24,28.07,8600,28.07,D
sz000021,深科技,2025-10-17 10:58:30,28.07,57500,28.07,D
sz000021,深科技,2025-10-17 10:58:36,28.07,9800,28.07,U
sz000021,深科技,2025-10-17 10:58:45,28.08,8100,28.08,D
sz000021,深科技,2025-10-17 10:58:48,28.07,8500,28.08,D
sz000021,深科技,2025-10-17 10:58:51,28.08,7500,28.07,U
sz000021,深科技,2025-10-17 10:58:57,28.08,18700,28.08,U
sz000021,深科技,2025-10-17 10:59:03,28.07,9500,28.08,D
sz000021,深科技,2025-10-17 10:59:06,28.07,9900,28.07,U
sz000021,深科技,2025-10-17 10:59:09,28.07,8000,28.07,D
sz000021,深科技,2025-10-17 10:59:12,28.08,11200,28.07,D
sz000021,深科技,2025-10-17 10:59:15,28.08,12600,28.08,U
sz000021,深科技,2025-10-17 10:59:18,28.08,9600,28.08,U
sz000021,深科技,2025-10-17 10:59:21,28.08,29700,28.08,D
sz000021,深科技,2025-10-17 10:59:24,28.09,29600,28.08,E
sz000021,深科技,2025-10-17 10:59:30,28.12,7400,28.12,U
sz000021,深科技,2025-10-17 10:59:33,28.11,9200,28.12,D
sz000021,深科技,2025-10-17 10:59:36,28.11,25800,28.11,D
sz000021,深科技,2025-10-17 10:59:39,28.11,10900,28.11,D
sz000021,深科技,2025-10-17 10:59:45,28.1,12200,28.11,D
sz000021,深科技,2025-10-17 10:59:48,28.11,17000,28.1,U
sz000021,深科技,2025-10-17 10:59:54,28.11,11900,28.11,D
sz000021,深科技,2025-10-17 10:59:57,28.12,127000,28.11,U
sz000021,深科技,2025-10-17 11:00:06,28.12,8700,28.12,D
sz000021,深科技,2025-10-17 11:00:24,28.15,10100,28.13,U
sz000021,深科技,2025-10-17 11:00:27,28.14,7700,28.15,D
sz000021,深科技,2025-10-17 11:00:36,28.11,31000,28.14,D
sz000021,深科技,2025-10-17 11:00:39,28.12,25500,28.11,E
sz000021,深科技,2025-10-17 11:00:45,28.1,21000,28.1,D
sz000021,深科技,2025-10-17 11:00:48,28.11,8200,28.1,U
sz000021,深科技,2025-10-17 11:00:51,28.12,10900,28.11,U
sz000021,深科技,2025-10-17 11:00:57,28.13,10100,28.12,U
sz000021,深科技,2025-10-17 11:01:03,28.12,9400,28.12,U
sz000021,深科技,2025-10-17 11:01:06,28.11,23900,28.12,D
sz000021,深科技,2025-10-17 11:01:09,28.11,12700,28.11,U
sz000021,深科技,2025-10-17 11:01:12,28.1,47100,28.11,D
sz000021,深科技,2025-10-17 11:01:15,28.08,13900,28.1,D
sz000021,深科技,2025-10-17 11:01:18,28.08,11200,28.08,D
sz000021,深科技,2025-10-17 11:01:21,28.09,19000,28.08,U
sz000021,深科技,2025-10-17 11:01:24,28.08,7300,28.09,D
sz000021,深科技,2025-10-17 11:01:27,28.07,22800,28.08,D
sz000021,深科技,2025-10-17 11:01:30,28.06,53000,28.07,D
sz000021,深科技,2025-10-17 11:01:33,28.05,28400,28.06,D
sz000021,深科技,2025-10-17 11:01:39,28.03,25600,28.06,D
sz000021,深科技,2025-10-17 11:01:42,28.04,8700,28.03,U
sz000021,深科技,2025-10-17 11:01:48,28.04,13300,28.03,U
sz000021,深科技,2025-10-17 11:01:51,28.03,61500,28.04,D
sz000021,深科技,2025-10-17 11:01:54,28.03,17600,28.03,U
sz000021,深科技,2025-10-17 11:01:57,28.02,56600,28.03,D
sz000021,深科技,2025-10-17 11:02:00,28.01,14000,28.02,D
sz000021,深科技,2025-10-17 11:02:03,28.01,627200,28.01,D
sz000021,深科技,2025-10-17 11:02:06,27.99,298822,28.01,D
sz000021,深科技,2025-10-17 11:02:09,27.98,99100,27.99,D
sz000021,深科技,2025-10-17 11:02:12,27.97,54300,27.98,D
sz000021,深科技,2025-10-17 11:02:15,27.96,29000,27.97,D
sz000021,深科技,2025-10-17 11:02:18,27.96,22900,27.96,D
sz000021,深科技,2025-10-17 11:02:21,27.95,48600,27.96,D
sz000021,深科技,2025-10-17 11:02:24,27.95,78800,27.95,D
sz000021,深科技,2025-10-17 11:02:27,27.93,160200,27.95,D
sz000021,深科技,2025-10-17 11:02:30,27.92,29000,27.93,D
sz000021,深科技,2025-10-17 11:02:33,27.9,67100,27.92,D
sz000021,深科技,2025-10-17 11:02:36,27.9,76300,27.9,D
sz000021,深科技,2025-10-17 11:02:39,27.9,110900,27.9,D
sz000021,深科技,2025-10-17 11:02:42,27.9,107500,27.9,D
sz000021,深科技,2025-10-17 11:02:45,27.89,361900,27.9,D
sz000021,深科技,2025-10-17 11:02:48,27.88,40000,27.89,E
sz000021,深科技,2025-10-17 11:02:51,27.86,100500,27.88,D
sz000021,深科技,2025-10-17 11:02:54,27.87,76700,27.86,E
sz000021,深科技,2025-10-17 11:02:57,27.86,136578,27.87,D
sz000021,深科技,2025-10-17 11:03:00,27.9,219100,27.86,U
sz000021,深科技,2025-10-17 11:03:03,27.89,153100,27.9,D
sz000021,深科技,2025-10-17 11:03:06,27.9,161300,27.89,U
sz000021,深科技,2025-10-17 11:03:09,27.92,20400,27.9,E
sz000021,深科技,2025-10-17 11:03:12,27.91,31900,27.92,D
sz000021,深科技,2025-10-17 11:03:15,27.95,12500,27.91,D
sz000021,深科技,2025-10-17 11:03:18,27.95,49800,27.95,D
sz000021,深科技,2025-10-17 11:03:21,27.94,11800,27.95,E
sz000021,深科技,2025-10-17 11:03:24,27.95,10500,27.94,U
sz000021,深科技,2025-10-17 11:03:27,27.94,19300,27.95,E
sz000021,深科技,2025-10-17 11:03:30,27.95,95800,27.94,U
sz000021,深科技,2025-10-17 11:03:33,27.95,11100,27.95,D
sz000021,深科技,2025-10-17 11:03:36,27.95,22700,27.95,D
sz000021,深科技,2025-10-17 11:03:39,27.93,44000,27.95,D
sz000021,深科技,2025-10-17 11:03:42,27.93,7900,27.93,D
sz000021,深科技,2025-10-17 11:03:45,27.93,30700,27.93,D
sz000021,深科技,2025-10-17 11:03:48,27.93,17400,27.93,U
sz000021,深科技,2025-10-17 11:03:51,27.92,72500,27.93,D
sz000021,深科技,2025-10-17 11:03:54,27.92,18600,27.92,U
sz000021,深科技,2025-10-17 11:03:57,27.93,14900,27.92,U
sz000021,深科技,2025-10-17 11:04:00,27.94,17400,27.93,U
sz000021,深科技,2025-10-17 11:04:03,27.94,28200,27.94,D
sz000021,深科技,2025-10-17 11:04:06,27.94,22400,27.94,D
sz000021,深科技,2025-10-17 11:04:09,27.93,67500,27.94,D
sz000021,深科技,2025-10-17 11:04:12,27.93,21700,27.93,D
sz000021,深科技,2025-10-17 11:04:15,27.91,35500,27.93,D
sz000021,深科技,2025-10-17 11:04:18,27.91,16300,27.91,D
sz000021,深科技,2025-10-17 11:04:21,27.91,16600,27.91,D
sz000021,深科技,2025-10-17 11:04:24,27.91,48600,27.91,U
sz000021,深科技,2025-10-17 11:04:27,27.91,49600,27.91,U
sz000021,深科技,2025-10-17 11:04:30,27.91,50100,27.91,U
sz000021,深科技,2025-10-17 11:04:33,27.89,145000,27.91,D
sz000021,深科技,2025-10-17 11:04:36,27.9,23100,27.89,U
sz000021,深科技,2025-10-17 11:04:39,27.88,17700,27.9,D
sz000021,深科技,2025-10-17 11:04:42,27.89,23800,27.88,U
sz000021,深科技,2025-10-17 11:04:45,27.89,20900,27.89,D
sz000021,深科技,2025-10-17 11:04:48,27.9,311000,27.89,U
sz000021,深科技,2025-10-17 11:04:51,27.9,41800,27.9,D
sz000021,深科技,2025-10-17 11:04:54,27.9,43700,27.9,E
sz000021,深科技,2025-10-17 11:04:57,27.89,65300,27.9,D
sz000021,深科技,2025-10-17 11:05:00,27.92,72600,27.89,U
sz000021,深科技,2025-10-17 11:05:06,27.91,13200,27.92,D
sz000021,深科技,2025-10-17 11:05:09,27.9,17800,27.91,D
sz000021,深科技,2025-10-17 11:05:15,27.89,73800,27.89,D
sz000021,深科技,2025-10-17 11:05:18,27.89,10800,27.89,D
sz000021,深科技,2025-10-17 11:05:21,27.89,18600,27.89,U
sz000021,深科技,2025-10-17 11:05:24,27.88,24900,27.89,D
sz000021,深科技,2025-10-17 11:05:27,27.88,58700,27.88,D
sz000021,深科技,2025-10-17 11:05:30,27.89,21700,27.88,U
sz000021,深科技,2025-10-17 11:05:33,27.88,28300,27.89,D
sz000021,深科技,2025-10-17 11:05:36,27.88,29800,27.88,D
sz000021,深科技,2025-10-17 11:05:39,27.88,60100,27.88,U
sz000021,深科技,2025-10-17 11:05:42,27.87,13200,27.88,E
sz000021,深科技,2025-10-17 11:05:45,27.86,50100,27.87,D
sz000021,深科技,2025-10-17 11:05:48,27.87,53900,27.86,D
sz000021,深科技,2025-10-17 11:05:51,27.85,21600,27.87,D
sz000021,深科技,2025-10-17 11:05:54,27.87,11800,27.85,U
sz000021,深科技,2025-10-17 11:05:57,27.87,72000,27.87,U
sz000021,深科技,2025-10-17 11:06:00,27.85,39600,27.87,D
sz000021,深科技,2025-10-17 11:06:03,27.85,42000,27.85,D
sz000021,深科技,2025-10-17 11:06:06,27.85,80900,27.85,D
sz000021,深科技,2025-10-17 11:06:09,27.84,35300,27.85,D
sz000021,深科技,2025-10-17 11:06:12,27.84,71900,27.84,U
sz000021,深科技,2025-10-17 11:06:15,27.83,38600,27.84,D
sz000021,深科技,2025-10-17 11:06:18,27.82,25400,27.83,D
sz000021,深科技,2025-10-17 11:06:21,27.84,180100,27.82,U
sz000021,深科技,2025-10-17 11:06:24,27.85,86900,27.84,U
sz000021,深科技,2025-10-17 11:06:27,27.87,32400,27.85,U
sz000021,深科技,2025-10-17 11:06:30,27.88,255300,27.87,U
sz000021,深科技,2025-10-17 11:06:33,27.88,28600,27.88,D
sz000021,深科技,2025-10-17 11:06:36,27.89,17900,27.88,U
sz000021,深科技,2025-10-17 11:06:39,27.88,25400,27.89,D
sz000021,深科技,2025-10-17 11:06:42,27.88,16700,27.88,U
sz000021,深科技,2025-10-17 11:06:45,27.88,10300,27.88,D
sz000021,深科技,2025-10-17 11:06:48,27.89,31300,27.88,U
sz000021,深科技,2025-10-17 11:06:51,27.88,16700,27.89,D
sz000021,深科技,2025-10-17 11:06:54,27.89,18900,27.88,U
sz000021,深科技,2025-10-17 11:06:57,27.88,46000,27.89,D
sz000021,深科技,2025-10-17 11:07:03,27.89,31000,27.89,U
sz000021,深科技,2025-10-17 11:07:06,27.89,22700,27.89,D
sz000021,深科技,2025-10-17 11:07:09,27.9,46700,27.89,U
sz000021,深科技,2025-10-17 11:07:12,27.89,82400,27.9,D
sz000021,深科技,2025-10-17 11:07:15,27.9,28100,27.89,U
sz000021,深科技,2025-10-17 11:07:18,27.88,9900,27.9,E
sz000021,深科技,2025-10-17 11:07:21,27.87,80100,27.88,D
sz000021,深科技,2025-10-17 11:07:24,27.87,40000,27.87,U
sz000021,深科技,2025-10-17 11:07:30,27.86,17000,27.86,U
sz000021,深科技,2025-10-17 11:07:33,27.85,15100,27.86,D
sz000021,深科技,2025-10-17 11:07:36,27.88,22800,27.85,U
sz000021,深科技,2025-10-17 11:07:39,27.86,80300,27.88,D
sz000021,深科技,2025-10-17 11:07:42,27.85,16500,27.86,D
sz000021,深科技,2025-10-17 11:07:45,27.87,60900,27.85,U
sz000021,深科技,2025-10-17 11:07:48,27.86,8600,27.87,D
sz000021,深科技,2025-10-17 11:07:51,27.88,76700,27.86,U
sz000021,深科技,2025-10-17 11:07:54,27.86,8500,27.88,E
sz000021,深科技,2025-10-17 11:08:00,27.83,61900,27.85,D
sz000021,深科技,2025-10-17 11:08:06,27.85,152100,27.85,D
sz000021,深科技,2025-10-17 11:08:09,27.82,8800,27.85,D
sz000021,深科技,2025-10-17 11:08:12,27.84,23100,27.82,D
sz000021,深科技,2025-10-17 11:08:18,27.83,20700,27.83,U
sz000021,深科技,2025-10-17 11:08:21,27.88,64100,27.83,U
sz000021,深科技,2025-10-17 11:08:24,27.84,22200,27.88,D
sz000021,深科技,2025-10-17 11:08:27,27.83,18700,27.84,D
sz000021,深科技,2025-10-17 11:08:30,27.84,9500,27.83,U
sz000021,深科技,2025-10-17 11:08:36,27.83,9900,27.83,D
sz000021,深科技,2025-10-17 11:08:39,27.83,32517,27.83,U
sz000021,深科技,2025-10-17 11:08:42,27.83,21000,27.83,D
sz000021,深科技,2025-10-17 11:08:45,27.82,45383,27.83,D
sz000021,深科技,2025-10-17 11:08:48,27.83,15200,27.82,U
sz000021,深科技,2025-10-17 11:08:51,27.81,45300,27.83,D
sz000021,深科技,2025-10-17 11:08:54,27.82,11700,27.81,U
sz000021,深科技,2025-10-17 11:08:57,27.81,71200,27.82,D
sz000021,深科技,2025-10-17 11:09:00,27.81,290500,27.81,D
sz000021,深科技,2025-10-17 11:09:03,27.8,20383,27.81,D
sz000021,深科技,2025-10-17 11:09:06,27.8,58800,27.8,U
sz000021,深科技,2025-10-17 11:09:09,27.81,129417,27.8,U
sz000021,深科技,2025-10-17 11:09:12,27.83,81000,27.81,U
sz000021,深科技,2025-10-17 11:09:15,27.84,95200,27.83,D
sz000021,深科技,2025-10-17 11:09:18,27.86,10500,27.84,D
sz000021,深科技,2025-10-17 11:09:21,27.83,25000,27.86,D
sz000021,深科技,2025-10-17 11:09:24,27.82,13500,27.83,D
sz000021,深科技,2025-10-17 11:09:33,27.84,58400,27.83,U
sz000021,深科技,2025-10-17 11:09:39,27.83,9100,27.83,U
sz000021,深科技,2025-10-17 11:09:42,27.82,13300,27.83,D
sz000021,深科技,2025-10-17 11:09:45,27.83,156600,27.82,U
sz000021,深科技,2025-10-17 11:09:48,27.83,9900,27.83,D
sz000021,深科技,2025-10-17 11:09:51,27.83,16100,27.83,D
sz000021,深科技,2025-10-17 11:09:54,27.83,140300,27.83,D
sz000021,深科技,2025-10-17 11:09:57,27.85,7300,27.83,U
sz000021,深科技,2025-10-17 11:10:00,27.83,16700,27.85,D
sz000021,深科技,2025-10-17 11:10:03,27.83,16600,27.83,D
sz000021,深科技,2025-10-17 11:10:06,27.84,37700,27.83,U
sz000021,深科技,2025-10-17 11:10:09,27.83,71200,27.84,D
sz000021,深科技,2025-10-17 11:10:12,27.83,19300,27.83,D
sz000021,深科技,2025-10-17 11:10:15,27.83,17200,27.83,U
sz000021,深科技,2025-10-17 11:10:18,27.83,58000,27.83,U
sz000021,深科技,2025-10-17 11:10:21,27.85,23800,27.83,U
sz000021,深科技,2025-10-17 11:10:24,27.86,28000,27.85,U
sz000021,深科技,2025-10-17 11:10:27,27.88,81100,27.86,U
sz000021,深科技,2025-10-17 11:10:30,27.88,22600,27.88,D
sz000021,深科技,2025-10-17 11:10:33,27.88,8600,27.88,U
sz000021,深科技,2025-10-17 11:10:39,27.86,15800,27.87,D
sz000021,深科技,2025-10-17 11:10:45,27.86,14800,27.87,D
sz000021,深科技,2025-10-17 11:10:51,27.86,7300,27.86,U
sz000021,深科技,2025-10-17 11:10:54,27.86,36000,27.86,U
sz000021,深科技,2025-10-17 11:10:57,27.87,15500,27.86,D
sz000021,深科技,2025-10-17 11:11:00,27.88,19800,27.87,U
sz000021,深科技,2025-10-17 11:11:06,27.91,54500,27.88,U
sz000021,深科技,2025-10-17 11:11:09,27.86,9700,27.91,D
sz000021,深科技,2025-10-17 11:11:12,27.87,18700,27.86,U
sz000021,深科技,2025-10-17 11:11:15,27.91,15500,27.87,U
sz000021,深科技,2025-10-17 11:11:18,27.85,15000,27.91,D
sz000021,深科技,2025-10-17 11:11:21,27.86,28400,27.85,U
sz000021,深科技,2025-10-17 11:11:24,27.84,46600,27.86,D
sz000021,深科技,2025-10-17 11:11:27,27.84,14600,27.84,U
sz000021,深科技,2025-10-17 11:11:30,27.82,23700,27.84,D
sz000021,深科技,2025-10-17 11:11:33,27.82,9800,27.82,D
sz000021,深科技,2025-10-17 11:11:36,27.82,30300,27.82,D
sz000021,深科技,2025-10-17 11:11:39,27.82,17500,27.82,D
sz000021,深科技,2025-10-17 11:11:42,27.82,62200,27.82,D
sz000021,深科技,2025-10-17 11:11:45,27.82,34600,27.82,U
sz000021,深科技,2025-10-17 11:11:48,27.83,76400,27.82,U
sz000021,深科技,2025-10-17 11:11:51,27.82,42800,27.83,D
sz000021,深科技,2025-10-17 11:11:54,27.83,15600,27.82,D
sz000021,深科技,2025-10-17 11:11:57,27.83,34750,27.83,U
sz000021,深科技,2025-10-17 11:12:00,27.83,69400,27.83,U
sz000021,深科技,2025-10-17 11:12:03,27.83,22100,27.83,U
sz000021,深科技,2025-10-17 11:12:06,27.83,21500,27.83,D
sz000021,深科技,2025-10-17 11:12:09,27.85,15100,27.83,E
sz000021,深科技,2025-10-17 11:12:15,27.86,16200,27.87,E
sz000021,深科技,2025-10-17 11:12:21,27.84,9200,27.88,D
