symbol,name,ticktime,price,volume,prev_price,kind
sz000021,深科技,2025-10-16 09:25:00,29.48,1709528,0.0,U
sz000021,深科技,2025-10-16 09:30:00,29.5,782400,29.48,U
sz000021,深科技,2025-10-16 09:30:03,29.46,1353600,29.5,D
sz000021,深科技,2025-10-16 09:30:06,29.49,691500,29.46,U
sz000021,深科技,2025-10-16 09:30:09,29.44,406200,29.49,D
sz000021,深科技,2025-10-16 09:30:12,29.3,272300,29.44,D
sz000021,深科技,2025-10-16 09:30:15,29.3,138800,29.3,U
sz000021,深科技,2025-10-16 09:30:18,29.4,124400,29.3,U
sz000021,深科技,2025-10-16 09:30:21,29.41,131400,29.4,U
sz000021,深科技,2025-10-16 09:30:24,29.44,82300,29.41,U
sz000021,深科技,2025-10-16 09:30:27,29.53,271700,29.44,U
sz000021,深科技,2025-10-16 09:30:30,29.59,154100,29.53,U
sz000021,深科技,2025-10-16 09:30:33,29.62,192200,29.59,U
sz000021,深科技,2025-10-16 09:30:36,29.64,292000,29.62,U
sz000021,深科技,2025-10-16 09:30:39,29.59,266500,29.64,D
sz000021,深科技,2025-10-16 09:30:42,29.38,325900,29.59,D
sz000021,深科技,2025-10-16 09:30:45,29.4,54500,29.38,U
sz000021,深科技,2025-10-16 09:30:48,29.4,91800,29.4,U
sz000021,深科技,2025-10-16 09:30:51,29.3,160900,29.4,D
sz000021,深科技,2025-10-16 09:30:54,29.3,90300,29.3,U
sz000021,深科技,2025-10-16 09:30:57,29.26,134700,29.3,D
sz000021,深科技,2025-10-16 09:31:00,29.28,92300,29.26,U
sz000021,深科技,2025-10-16 09:31:03,29.45,307900,29.28,U
sz000021,深科技,2025-10-16 09:31:06,29.52,95700,29.45,U
sz000021,深科技,2025-10-16 09:31:09,29.56,109000,29.52,U
sz000021,深科技,2025-10-16 09:31:12,29.54,614600,29.56,D
sz000021,深科技,2025-10-16 09:31:15,29.54,105700,29.54,U
sz000021,深科技,2025-10-16 09:31:18,29.53,140400,29.54,U
sz000021,深科技,2025-10-16 09:31:21,29.52,152300,29.53,D
sz000021,深科技,2025-10-16 09:31:24,29.5,95000,29.52,E
sz000021,深科技,2025-10-16 09:31:27,29.47,86300,29.5,D
sz000021,深科技,2025-10-16 09:31:30,29.45,65200,29.47,D
sz000021,深科技,2025-10-16 09:31:33,29.45,76500,29.45,D
sz000021,深科技,2025-10-16 09:31:36,29.48,155400,29.45,E
sz000021,深科技,2025-10-16 09:31:39,29.52,149900,29.48,U
sz000021,深科技,2025-10-16 09:31:42,29.56,31500,29.52,U
sz000021,深科技,2025-10-16 09:31:45,29.8,552000,29.56,U
sz000021,深科技,2025-10-16 09:31:48,29.8,84273,29.8,U
sz000021,深科技,2025-10-16 09:31:51,29.79,172800,29.8,U
sz000021,深科技,2025-10-16 09:31:54,29.79,192300,29.79,U
sz000021,深科技,2025-10-16 09:31:57,29.79,151000,29.79,U
sz000021,深科技,2025-10-16 09:32:00,29.72,250800,29.79,U
sz000021,深科技,2025-10-16 09:32:03,29.66,127000,29.72,E
sz000021,深科技,2025-10-16 09:32:06,29.71,180000,29.66,U
sz000021,深科技,2025-10-16 09:32:09,29.67,85500,29.71,D
sz000021,深科技,2025-10-16 09:32:12,29.67,98800,29.67,D
sz000021,深科技,2025-10-16 09:32:15,29.61,179600,29.67,D
sz000021,深科技,2025-10-16 09:32:18,29.5,211000,29.61,D
sz000021,深科技,2025-10-16 09:32:21,29.4,94800,29.5,D
sz000021,深科技,2025-10-16 09:32:24,29.36,65400,29.4,D
sz000021,深科技,2025-10-16 09:32:27,29.39,176700,29.36,U
sz000021,深科技,2025-10-16 09:32:30,29.39,79600,29.39,D
sz000021,深科技,2025-10-16 09:32:33,29.38,242700,29.39,D
sz000021,深科技,2025-10-16 09:32:36,29.34,84700,29.38,D
sz000021,深科技,2025-10-16 09:32:39,29.29,137900,29.34,D
sz000021,深科技,2025-10-16 09:32:42,29.29,54800,29.29,U
sz000021,深科技,2025-10-16 09:32:45,29.29,91300,29.29,D
sz000021,深科技,2025-10-16 09:32:48,29.23,187700,29.29,D
sz000021,深科技,2025-10-16 09:32:51,29.22,145096,29.23,D
sz000021,深科技,2025-10-16 09:32:54,29.21,66900,29.22,D
sz000021,深科技,2025-10-16 09:32:57,29.24,86100,29.21,U
sz000021,深科技,2025-10-16 09:33:00,29.26,74300,29.24,U
sz000021,深科技,2025-10-16 09:33:03,29.3,104600,29.26,U
sz000021,深科技,2025-10-16 09:33:06,29.31,56600,29.3,U
sz000021,深科技,2025-10-16 09:33:09,29.35,25900,29.31,U
sz000021,深科技,2025-10-16 09:33:12,29.37,42800,29.35,U
sz000021,深科技,2025-10-16 09:33:15,29.39,48800,29.37,U
sz000021,深科技,2025-10-16 09:33:18,29.41,18900,29.39,U
sz000021,深科技,2025-10-16 09:33:21,29.45,37700,29.41,U
sz000021,深科技,2025-10-16 09:33:24,29.44,77400,29.45,E
sz000021,深科技,2025-10-16 09:33:27,29.45,56900,29.44,U
sz000021,深科技,2025-10-16 09:33:30,29.47,58100,29.45,U
sz000021,深科技,2025-10-16 09:33:33,29.47,55900,29.47,U
sz000021,深科技,2025-10-16 09:33:36,29.5,317100,29.47,U
sz000021,深科技,2025-10-16 09:33:39,29.51,54900,29.5,U
sz000021,深科技,2025-10-16 09:33:42,29.5,191500,29.51,D
sz000021,深科技,2025-10-16 09:33:45,29.5,123800,29.5,U
sz000021,深科技,2025-10-16 09:33:48,29.49,70700,29.5,D
sz000021,深科技,2025-10-16 09:33:51,29.5,125700,29.49,E
sz000021,深科技,2025-10-16 09:33:54,29.49,113100,29.5,D
sz000021,深科技,2025-10-16 09:33:57,29.49,107600,29.49,U
sz000021,深科技,2025-10-16 09:34:00,29.47,36400,29.49,D
sz000021,深科技,2025-10-16 09:34:03,29.45,61900,29.47,D
sz000021,深科技,2025-10-16 09:34:06,29.45,44200,29.45,U
sz000021,深科技,2025-10-16 09:34:09,29.42,72800,29.45,E
sz000021,深科技,2025-10-16 09:34:12,29.4,52800,29.42,D
sz000021,深科技,2025-10-16 09:34:15,29.4,36200,29.4,D
sz000021,深科技,2025-10-16 09:34:18,29.4,42000,29.4,D
sz000021,深科技,2025-10-16 09:34:21,29.4,61400,29.4,U
sz000021,深科技,2025-10-16 09:34:24,29.4,32000,29.4,D
sz000021,深科技,2025-10-16 09:34:27,29.4,78700,29.4,D
sz000021,深科技,2025-10-16 09:34:30,29.46,57000,29.4,U
sz000021,深科技,2025-10-16 09:34:33,29.5,151600,29.46,U
sz000021,深科技,2025-10-16 09:34:36,29.5,44000,29.5,U
sz000021,深科技,2025-10-16 09:34:39,29.5,24700,29.5,U
sz000021,深科技,2025-10-16 09:34:42,29.51,86700,29.5,U
sz000021,深科技,2025-10-16 09:34:45,29.52,72700,29.51,U
sz000021,深科技,2025-10-16 09:34:48,29.54,30900,29.52,U
sz000021,深科技,2025-10-16 09:34:51,29.57,69000,29.54,U
sz000021,深科技,2025-10-16 09:34:54,29.57,160900,29.57,D
sz000021,深科技,2025-10-16 09:34:57,29.57,179300,29.57,U
sz000021,深科技,2025-10-16 09:35:00,29.58,173500,29.57,U
sz000021,深科技,2025-10-16 09:35:03,29.64,66400,29.58,U
sz000021,深科技,2025-10-16 09:35:06,29.61,62800,29.64,E
sz000021,深科技,2025-10-16 09:35:09,29.61,130200,29.61,U
sz000021,深科技,2025-10-16 09:35:12,29.59,210100,29.61,D
sz000021,深科技,2025-10-16 09:35:15,29.55,109600,29.59,D
sz000021,深科技,2025-10-16 09:35:18,29.48,166700,29.55,D
sz000021,深科技,2025-10-16 09:35:21,29.46,70700,29.48,D
sz000021,深科技,2025-10-16 09:35:24,29.51,272700,29.46,U
sz000021,深科技,2025-10-16 09:35:27,29.58,40200,29.51,U
sz000021,深科技,2025-10-16 09:35:30,29.58,67400,29.58,D
sz000021,深科技,2025-10-16 09:35:33,29.64,429400,29.58,U
sz000021,深科技,2025-10-16 09:35:36,29.68,56000,29.64,E
sz000021,深科技,2025-10-16 09:35:39,29.69,68800,29.68,U
sz000021,深科技,2025-10-16 09:35:42,29.68,113100,29.69,D
sz000021,深科技,2025-10-16 09:35:45,29.68,128200,29.68,E
sz000021,深科技,2025-10-16 09:35:48,29.66,153800,29.68,E
sz000021,深科技,2025-10-16 09:35:51,29.6,149620,29.66,E
sz000021,深科技,2025-10-16 09:35:54,29.59,61000,29.6,E
sz000021,深科技,2025-10-16 09:35:57,29.61,208300,29.59,U
sz000021,深科技,2025-10-16 09:36:00,29.6,77900,29.61,E
sz000021,深科技,2025-10-16 09:36:03,29.6,162300,29.6,U
sz000021,深科技,2025-10-16 09:36:06,29.59,100380,29.6,D
sz000021,深科技,2025-10-16 09:36:09,29.59,58600,29.59,U
sz000021,深科技,2025-10-16 09:36:12,29.5,133200,29.59,D
sz000021,深科技,2025-10-16 09:36:15,29.48,145000,29.5,D
sz000021,深科技,2025-10-16 09:36:18,29.47,56400,29.48,E
sz000021,深科技,2025-10-16 09:36:21,29.46,25000,29.47,D
sz000021,深科技,2025-10-16 09:36:24,29.47,41900,29.46,U
sz000021,深科技,2025-10-16 09:36:27,29.47,45900,29.47,D
sz000021,深科技,2025-10-16 09:36:30,29.46,53300,29.47,D
sz000021,深科技,2025-10-16 09:36:33,29.45,71400,29.46,D
sz000021,深科技,2025-10-16 09:36:36,29.48,119300,29.45,U
sz000021,深科技,2025-10-16 09:36:39,29.51,96100,29.48,U
sz000021,深科技,2025-10-16 09:36:42,29.5,33000,29.51,D
sz000021,深科技,2025-10-16 09:36:45,29.5,27400,29.5,E
sz000021,深科技,2025-10-16 09:36:48,29.5,121400,29.5,D
sz000021,深科技,2025-10-16 09:36:51,29.5,45700,29.5,E
sz000021,深科技,2025-10-16 09:36:54,29.48,35900,29.5,D
sz000021,深科技,2025-10-16 09:36:57,29.51,48800,29.48,U
sz000021,深科技,2025-10-16 09:37:00,29.5,86100,29.51,E
sz000021,深科技,2025-10-16 09:37:03,29.51,43700,29.5,U
sz000021,深科技,2025-10-16 09:37:06,29.58,94800,29.51,U
sz000021,深科技,2025-10-16 09:37:09,29.58,27500,29.58,D
sz000021,深科技,2025-10-16 09:37:12,29.59,56920,29.58,U
sz000021,深科技,2025-10-16 09:37:15,29.54,283700,29.59,D
sz000021,深科技,2025-10-16 09:37:18,29.55,39500,29.54,U
sz000021,深科技,2025-10-16 09:37:21,29.55,75600,29.55,D
sz000021,深科技,2025-10-16 09:37:24,29.55,39100,29.55,U
sz000021,深科技,2025-10-16 09:37:27,29.5,239380,29.55,D
sz000021,深科技,2025-10-16 09:37:30,29.53,63200,29.5,U
sz000021,深科技,2025-10-16 09:37:33,29.54,16400,29.53,U
sz000021,深科技,2025-10-16 09:37:36,29.54,129400,29.54,U
sz000021,深科技,2025-10-16 09:37:39,29.54,84100,29.54,E
sz000021,深科技,2025-10-16 09:37:42,29.53,83400,29.54,D
sz000021,深科技,2025-10-16 09:37:45,29.54,77500,29.53,U
sz000021,深科技,2025-10-16 09:37:48,29.54,73700,29.54,D
sz000021,深科技,2025-10-16 09:37:51,29.54,51500,29.54,E
sz000021,深科技,2025-10-16 09:37:54,29.54,89500,29.54,U
sz000021,深科技,2025-10-16 09:37:57,29.53,70400,29.54,D
sz000021,深科技,2025-10-16 09:38:00,29.59,295488,29.53,U
sz000021,深科技,2025-10-16 09:38:03,29.64,84100,29.59,U
sz000021,深科技,2025-10-16 09:38:06,29.67,36900,29.64,U
sz000021,深科技,2025-10-16 09:38:09,29.68,26900,29.67,U
sz000021,深科技,2025-10-16 09:38:12,29.68,81800,29.68,U
sz000021,深科技,2025-10-16 09:38:15,29.67,78400,29.68,D
sz000021,深科技,2025-10-16 09:38:18,29.62,120300,29.67,D
sz000021,深科技,2025-10-16 09:38:21,29.59,46600,29.62,E
sz000021,深科技,2025-10-16 09:38:24,29.56,72300,29.59,D
sz000021,深科技,2025-10-16 09:38:27,29.52,161700,29.56,D
sz000021,深科技,2025-10-16 09:38:30,29.5,248000,29.52,D
sz000021,深科技,2025-10-16 09:38:33,29.49,81700,29.5,D
sz000021,深科技,2025-10-16 09:38:36,29.47,61300,29.49,D
sz000021,深科技,2025-10-16 09:38:39,29.4,212100,29.47,D
sz000021,深科技,2025-10-16 09:38:42,29.41,16200,29.4,U
sz000021,深科技,2025-10-16 09:38:45,29.41,34700,29.41,U
sz000021,深科技,2025-10-16 09:38:48,29.5,171800,29.41,U
sz000021,深科技,2025-10-16 09:38:51,29.49,28100,29.5,E
sz000021,深科技,2025-10-16 09:38:54,29.56,187200,29.49,U
sz000021,深科技,2025-10-16 09:38:57,29.55,24800,29.56,E
sz000021,深科技,2025-10-16 09:39:00,29.41,683600,29.55,D
sz000021,深科技,2025-10-16 09:39:03,29.36,567800,29.41,D
sz000021,深科技,2025-10-16 09:39:06,29.39,353300,29.36,U
sz000021,深科技,2025-10-16 09:39:09,29.4,391900,29.39,E
sz000021,深科技,2025-10-16 09:39:12,29.42,57900,29.4,U
sz000021,深科技,2025-10-16 09:39:15,29.45,82600,29.42,U
sz000021,深科技,2025-10-16 09:39:18,29.48,75400,29.45,U
sz000021,深科技,2025-10-16 09:39:21,29.48,17300,29.48,U
sz000021,深科技,2025-10-16 09:39:24,29.49,36800,29.48,U
sz000021,深科技,2025-10-16 09:39:27,29.49,37900,29.49,U
sz000021,深科技,2025-10-16 09:39:30,29.5,21400,29.49,D
sz000021,深科技,2025-10-16 09:39:33,29.54,101900,29.5,U
sz000021,深科技,2025-10-16 09:39:36,29.54,96500,29.54,U
sz000021,深科技,2025-10-16 09:39:39,29.54,27600,29.54,U
sz000021,深科技,2025-10-16 09:39:42,29.55,93400,29.54,U
sz000021,深科技,2025-10-16 09:39:45,29.53,96900,29.55,U
sz000021,深科技,2025-10-16 09:39:48,29.56,63200,29.53,U
sz000021,深科技,2025-10-16 09:39:51,29.55,75600,29.56,D
sz000021,深科技,2025-10-16 09:39:54,29.55,66100,29.55,U
sz000021,深科技,2025-10-16 09:39:57,29.55,57000,29.55,U
sz000021,深科技,2025-10-16 09:40:00,29.52,80600,29.55,D
sz000021,深科技,2025-10-16 09:40:03,29.5,122000,29.52,D
sz000021,深科技,2025-10-16 09:40:06,29.49,48000,29.5,D
sz000021,深科技,2025-10-16 09:40:09,29.51,97300,29.49,U
sz000021,深科技,2025-10-16 09:40:12,29.51,25000,29.51,E
sz000021,深科技,2025-10-16 09:40:15,29.54,118380,29.51,U
sz000021,深科技,2025-10-16 09:40:18,29.56,193800,29.54,U
sz000021,深科技,2025-10-16 09:40:21,29.54,64600,29.56,D
sz000021,深科技,2025-10-16 09:40:24,29.54,85600,29.54,U
sz000021,深科技,2025-10-16 09:40:27,29.51,68800,29.54,D
sz000021,深科技,2025-10-16 09:40:30,29.51,37000,29.51,D
sz000021,深科技,2025-10-16 09:40:33,29.5,83400,29.51,D
sz000021,深科技,2025-10-16 09:40:36,29.5,95600,29.5,U
sz000021,深科技,2025-10-16 09:40:39,29.53,156900,29.5,U
sz000021,深科技,2025-10-16 09:40:42,29.55,89700,29.53,U
sz000021,深科技,2025-10-16 09:40:45,29.54,27500,29.55,E
sz000021,深科技,2025-10-16 09:40:48,29.53,131200,29.54,D
sz000021,深科技,2025-10-16 09:40:51,29.54,68900,29.53,E
sz000021,深科技,2025-10-16 09:40:54,29.55,37800,29.54,U
sz000021,深科技,2025-10-16 09:40:57,29.55,21900,29.55,D
sz000021,深科技,2025-10-16 09:41:00,29.55,33200,29.55,D
sz000021,深科技,2025-10-16 09:41:03,29.54,45800,29.55,D
sz000021,深科技,2025-10-16 09:41:06,29.54,34000,29.54,U
sz000021,深科技,2025-10-16 09:41:09,29.51,53600,29.54,D
sz000021,深科技,2025-10-16 09:41:12,29.5,31400,29.51,D
sz000021,深科技,2025-10-16 09:41:15,29.5,93500,29.5,D
sz000021,深科技,2025-10-16 09:41:18,29.51,43600,29.5,U
sz000021,深科技,2025-10-16 09:41:21,29.51,56200,29.51,U
sz000021,深科技,2025-10-16 09:41:24,29.53,80100,29.51,U
sz000021,深科技,2025-10-16 09:41:27,29.53,33200,29.53,D
sz000021,深科技,2025-10-16 09:41:30,29.52,31300,29.53,D
sz000021,深科技,2025-10-16 09:41:33,29.52,17100,29.52,D
sz000021,深科技,2025-10-16 09:41:36,29.52,19600,29.52,D
sz000021,深科技,2025-10-16 09:41:39,29.52,53800,29.52,U
sz000021,深科技,2025-10-16 09:41:42,29.51,56400,29.52,D
sz000021,深科技,2025-10-16 09:41:45,29.52,26100,29.51,E
sz000021,深科技,2025-10-16 09:41:48,29.52,51000,29.52,D
sz000021,深科技,2025-10-16 09:41:51,29.49,231800,29.52,D
sz000021,深科技,2025-10-16 09:41:54,29.51,37600,29.49,U
sz000021,深科技,2025-10-16 09:41:57,29.49,12700,29.51,D
sz000021,深科技,2025-10-16 09:42:00,29.5,38000,29.49,U
sz000021,深科技,2025-10-16 09:42:03,29.5,140400,29.5,D
sz000021,深科技,2025-10-16 09:42:06,29.49,35400,29.5,U
sz000021,深科技,2025-10-16 09:42:09,29.5,16100,29.49,U
sz000021,深科技,2025-10-16 09:42:12,29.48,21300,29.5,D
sz000021,深科技,2025-10-16 09:42:15,29.48,41200,29.48,U
sz000021,深科技,2025-10-16 09:42:18,29.48,35600,29.48,D
sz000021,深科技,2025-10-16 09:42:21,29.46,26100,29.48,D
sz000021,深科技,2025-10-16 09:42:24,29.46,21900,29.46,D
sz000021,深科技,2025-10-16 09:42:27,29.46,33000,29.46,D
sz000021,深科技,2025-10-16 09:42:30,29.46,190800,29.46,U
sz000021,深科技,2025-10-16 09:42:33,29.45,33400,29.46,D
sz000021,深科技,2025-10-16 09:42:36,29.45,40900,29.45,U
sz000021,深科技,2025-10-16 09:42:39,29.43,37400,29.45,D
sz000021,深科技,2025-10-16 09:42:42,29.46,80100,29.43,U
sz000021,深科技,2025-10-16 09:42:45,29.43,47300,29.46,D
sz000021,深科技,2025-10-16 09:42:48,29.43,43900,29.43,U
sz000021,深科技,2025-10-16 09:42:51,29.43,45500,29.43,D
sz000021,深科技,2025-10-16 09:42:54,29.45,62700,29.43,U
sz000021,深科技,2025-10-16 09:42:57,29.43,73000,29.45,D
sz000021,深科技,2025-10-16 09:43:00,29.43,63200,29.43,U
sz000021,深科技,2025-10-16 09:43:03,29.43,75700,29.43,U
sz000021,深科技,2025-10-16 09:43:06,29.43,30600,29.43,D
sz000021,深科技,2025-10-16 09:43:09,29.51,178400,29.43,U
sz000021,深科技,2025-10-16 09:43:12,29.51,59200,29.51,U
sz000021,深科技,2025-10-16 09:43:15,29.5,69400,29.51,D
sz000021,深科技,2025-10-16 09:43:18,29.5,39800,29.5,D
sz000021,深科技,2025-10-16 09:43:21,29.5,152400,29.5,U
sz000021,深科技,2025-10-16 09:43:24,29.51,39500,29.5,U
sz000021,深科技,2025-10-16 09:43:27,29.45,36900,29.51,D
sz000021,深科技,2025-10-16 09:43:30,29.51,31200,29.45,U
sz000021,深科技,2025-10-16 09:43:33,29.49,45800,29.51,D
sz000021,深科技,2025-10-16 09:43:36,29.49,31000,29.49,D
sz000021,深科技,2025-10-16 09:43:39,29.47,15000,29.49,E
sz000021,深科技,2025-10-16 09:43:42,29.46,23500,29.47,D
sz000021,深科技,2025-10-16 09:43:45,29.45,42600,29.46,D
sz000021,深科技,2025-10-16 09:43:48,29.45,30000,29.45,D
sz000021,深科技,2025-10-16 09:43:51,29.46,30900,29.45,U
sz000021,深科技,2025-10-16 09:43:54,29.45,12100,29.46,E
sz000021,深科技,2025-10-16 09:43:57,29.44,73200,29.45,D
sz000021,深科技,2025-10-16 09:44:00,29.42,58400,29.44,D
sz000021,深科技,2025-10-16 09:44:03,29.42,42100,29.42,D
sz000021,深科技,2025-10-16 09:44:06,29.39,146100,29.42,D
sz000021,深科技,2025-10-16 09:44:09,29.38,77100,29.39,D
sz000021,深科技,2025-10-16 09:44:12,29.37,63000,29.38,D
sz000021,深科技,2025-10-16 09:44:15,29.36,43300,29.37,D
sz000021,深科技,2025-10-16 09:44:18,29.29,1141300,29.36,D
sz000021,深科技,2025-10-16 09:44:21,29.28,51600,29.29,E
sz000021,深科技,2025-10-16 09:44:24,29.23,195900,29.28,D
sz000021,深科技,2025-10-16 09:44:27,29.2,62000,29.23,D
sz000021,深科技,2025-10-16 09:44:30,29.17,442500,29.2,D
sz000021,深科技,2025-10-16 09:44:33,29.18,105200,29.17,E
sz000021,深科技,2025-10-16 09:44:36,29.21,189500,29.18,U
sz000021,深科技,2025-10-16 09:44:39,29.21,74200,29.21,D
sz000021,深科技,2025-10-16 09:44:42,29.21,54900,29.21,D
sz000021,深科技,2025-10-16 09:44:45,29.21,71600,29.21,U
sz000021,深科技,2025-10-16 09:44:48,29.21,63400,29.21,U
sz000021,深科技,2025-10-16 09:44:51,29.21,60900,29.21,D
sz000021,深科技,2025-10-16 09:44:54,29.17,71800,29.21,D
sz000021,深科技,2025-10-16 09:44:57,29.19,89100,29.17,E
sz000021,深科技,2025-10-16 09:45:00,29.21,79100,29.19,U
sz000021,深科技,2025-10-16 09:45:03,29.19,122000,29.21,D
sz000021,深科技,2025-10-16 09:45:06,29.21,45000,29.19,U
sz000021,深科技,2025-10-16 09:45:09,29.2,75800,29.21,D
sz000021,深科技,2025-10-16 09:45:12,29.17,70900,29.2,D
sz000021,深科技,2025-10-16 09:45:15,29.17,78900,29.17,D
sz000021,深科技,2025-10-16 09:45:18,29.16,56600,29.17,D
sz000021,深科技,2025-10-16 09:45:21,29.15,65100,29.16,D
sz000021,深科技,2025-10-16 09:45:24,29.16,135900,29.15,U
sz000021,深科技,2025-10-16 09:45:27,29.19,142300,29.16,U
sz000021,深科技,2025-10-16 09:45:30,29.17,54400,29.19,D
sz000021,深科技,2025-10-16 09:45:33,29.17,81600,29.17,D
sz000021,深科技,2025-10-16 09:45:36,29.16,45600,29.17,D
sz000021,深科技,2025-10-16 09:45:39,29.15,182507,29.16,D
sz000021,深科技,2025-10-16 09:45:42,29.18,32400,29.15,E
sz000021,深科技,2025-10-16 09:45:45,29.19,117100,29.18,U
sz000021,深科技,2025-10-16 09:45:48,29.19,70500,29.19,U
sz000021,深科技,2025-10-16 09:45:51,29.2,50900,29.19,U
sz000021,深科技,2025-10-16 09:45:54,29.21,38900,29.2,U
sz000021,深科技,2025-10-16 09:45:57,29.21,11500,29.21,D
sz000021,深科技,2025-10-16 09:46:00,29.21,43600,29.21,D
sz000021,深科技,2025-10-16 09:46:03,29.21,38400,29.21,D
sz000021,深科技,2025-10-16 09:46:06,29.22,121600,29.21,U
sz000021,深科技,2025-10-16 09:46:09,29.26,78600,29.22,U
sz000021,深科技,2025-10-16 09:46:12,29.3,50800,29.26,U
sz000021,深科技,2025-10-16 09:46:15,29.32,28800,29.3,U
sz000021,深科技,2025-10-16 09:46:18,29.35,12900,29.32,E
sz000021,深科技,2025-10-16 09:46:21,29.32,30200,29.35,D
sz000021,深科技,2025-10-16 09:46:24,29.31,21500,29.32,D
sz000021,深科技,2025-10-16 09:46:27,29.3,43600,29.31,D
sz000021,深科技,2025-10-16 09:46:30,29.3,27100,29.3,U
sz000021,深科技,2025-10-16 09:46:33,29.32,56172,29.3,U
sz000021,深科技,2025-10-16 09:46:36,29.33,14400,29.32,E
sz000021,深科技,2025-10-16 09:46:39,29.34,24500,29.33,U
sz000021,深科技,2025-10-16 09:46:42,29.31,23000,29.34,D
sz000021,深科技,2025-10-16 09:46:45,29.37,139800,29.31,U
sz000021,深科技,2025-10-16 09:46:48,29.37,89900,29.37,D
sz000021,深科技,2025-10-16 09:46:51,29.38,42400,29.37,E
sz000021,深科技,2025-10-16 09:46:54,29.4,19800,29.38,U
sz000021,深科技,2025-10-16 09:46:57,29.5,84800,29.4,U
sz000021,深科技,2025-10-16 09:47:00,29.44,30100,29.5,E
sz000021,深科技,2025-10-16 09:47:03,29.44,48300,29.44,D
sz000021,深科技,2025-10-16 09:47:06,29.45,87200,29.44,U
sz000021,深科技,2025-10-16 09:47:09,29.41,63600,29.45,D
sz000021,深科技,2025-10-16 09:47:12,29.4,18600,29.41,D
sz000021,深科技,2025-10-16 09:47:15,29.38,23100,29.4,D
sz000021,深科技,2025-10-16 09:47:18,29.41,46500,29.38,U
sz000021,深科技,2025-10-16 09:47:21,29.37,49000,29.41,D
sz000021,深科技,2025-10-16 09:47:24,29.39,180800,29.37,U
sz000021,深科技,2025-10-16 09:47:27,29.32,115300,29.39,D
sz000021,深科技,2025-10-16 09:47:30,29.32,42700,29.32,D
sz000021,深科技,2025-10-16 09:47:33,29.37,11900,29.32,U
sz000021,深科技,2025-10-16 09:47:36,29.37,15000,29.37,D
sz000021,深科技,2025-10-16 09:47:39,29.32,33100,29.37,D
sz000021,深科技,2025-10-16 09:47:42,29.31,117700,29.32,D
sz000021,深科技,2025-10-16 09:47:45,29.35,46300,29.31,U
sz000021,深科技,2025-10-16 09:47:48,29.32,21200,29.35,D
sz000021,深科技,2025-10-16 09:47:51,29.31,40500,29.32,D
sz000021,深科技,2025-10-16 09:47:54,29.3,28400,29.31,D
sz000021,深科技,2025-10-16 09:47:57,29.29,24400,29.3,D
sz000021,深科技,2025-10-16 09:48:00,29.24,117600,29.29,D
sz000021,深科技,2025-10-16 09:48:03,29.33,170800,29.24,U
sz000021,深科技,2025-10-16 09:48:06,29.34,45500,29.33,E
sz000021,深科技,2025-10-16 09:48:09,29.32,15700,29.34,D
sz000021,深科技,2025-10-16 09:48:12,29.35,10900,29.32,E
sz000021,深科技,2025-10-16 09:48:15,29.37,45900,29.35,U
sz000021,深科技,2025-10-16 09:48:18,29.37,18400,29.37,U
sz000021,深科技,2025-10-16 09:48:21,29.4,159300,29.37,U
sz000021,深科技,2025-10-16 09:48:24,29.39,9800,29.4,D
sz000021,深科技,2025-10-16 09:48:27,29.38,30000,29.39,D
sz000021,深科技,2025-10-16 09:48:33,29.35,9700,29.36,D
sz000021,深科技,2025-10-16 09:48:36,29.31,23400,29.35,D
sz000021,深科技,2025-10-16 09:48:39,29.32,31200,29.31,U
sz000021,深科技,2025-10-16 09:48:42,29.32,8400,29.32,U
sz000021,深科技,2025-10-16 09:48:45,29.3,14900,29.32,D
sz000021,深科技,2025-10-16 09:48:48,29.31,20500,29.3,D
sz000021,深科技,2025-10-16 09:48:51,29.31,22300,29.31,D
sz000021,深科技,2025-10-16 09:48:54,29.3,40100,29.31,D
sz000021,深科技,2025-10-16 09:48:57,29.28,18900,29.3,D
sz000021,深科技,2025-10-16 09:49:00,29.26,19800,29.28,D
sz000021,深科技,2025-10-16 09:49:06,29.24,52600,29.24,D
sz000021,深科技,2025-10-16 09:49:09,29.28,40400,29.24,U
sz000021,深科技,2025-10-16 09:49:12,29.28,27900,29.28,U
sz000021,深科技,2025-10-16 09:49:15,29.27,9900,29.28,D
sz000021,深科技,2025-10-16 09:49:18,29.26,31400,29.27,D
sz000021,深科技,2025-10-16 09:49:21,29.26,12900,29.26,D
sz000021,深科技,2025-10-16 09:49:24,29.28,55200,29.26,U
sz000021,深科技,2025-10-16 09:49:27,29.3,102100,29.28,U
sz000021,深科技,2025-10-16 09:49:30,29.3,12900,29.3,U
sz000021,深科技,2025-10-16 09:49:33,29.31,65900,29.3,U
sz000021,深科技,2025-10-16 09:49:36,29.31,25400,29.31,D
sz000021,深科技,2025-10-16 09:49:39,29.3,26300,29.31,D
sz000021,深科技,2025-10-16 09:49:42,29.27,11000,29.3,D
sz000021,深科技,2025-10-16 09:49:45,29.25,16200,29.27,D
sz000021,深科技,2025-10-16 09:49:48,29.27,41300,29.25,U
sz000021,深科技,2025-10-16 09:49:51,29.28,33800,29.27,U
sz000021,深科技,2025-10-16 09:49:54,29.28,18100,29.28,U
sz000021,深科技,2025-10-16 09:49:57,29.26,23900,29.28,D
sz000021,深科技,2025-10-16 09:50:00,29.28,886600,29.26,U
sz000021,深科技,2025-10-16 09:50:03,29.38,269700,29.28,U
sz000021,深科技,2025-10-16 09:50:06,29.36,50500,29.38,D
sz000021,深科技,2025-10-16 09:50:09,29.35,24600,29.36,D
sz000021,深科技,2025-10-16 09:50:12,29.36,44500,29.35,U
sz000021,深科技,2025-10-16 09:50:15,29.44,147300,29.36,U
sz000021,深科技,2025-10-16 09:50:18,29.45,84300,29.44,U
sz000021,深科技,2025-10-16 09:50:21,29.44,43647,29.45,E
sz000021,深科技,2025-10-16 09:50:24,29.41,36753,29.44,D
sz000021,深科技,2025-10-16 09:50:27,29.44,94647,29.41,U
sz000021,深科技,2025-10-16 09:50:30,29.45,13600,29.44,U
sz000021,深科技,2025-10-16 09:50:33,29.44,66200,29.45,D
sz000021,深科技,2025-10-16 09:50:36,29.46,84400,29.44,U
sz000021,深科技,2025-10-16 09:50:39,29.44,19700,29.46,D
sz000021,深科技,2025-10-16 09:50:42,29.42,14300,29.44,D
sz000021,深科技,2025-10-16 09:50:45,29.42,44100,29.42,D
sz000021,深科技,2025-10-16 09:50:48,29.4,62800,29.42,D
sz000021,深科技,2025-10-16 09:50:51,29.4,43900,29.4,D
sz000021,深科技,2025-10-16 09:50:54,29.41,47300,29.4,U
sz000021,深科技,2025-10-16 09:50:57,29.4,32700,29.41,D
sz000021,深科技,2025-10-16 09:51:00,29.39,33600,29.4,E
sz000021,深科技,2025-10-16 09:51:03,29.38,18400,29.39,D
sz000021,深科技,2025-10-16 09:51:06,29.42,79300,29.38,U
sz000021,深科技,2025-10-16 09:51:09,29.38,92000,29.42,D
sz000021,深科技,2025-10-16 09:51:12,29.42,28400,29.38,E
sz000021,深科技,2025-10-16 09:51:15,29.39,38900,29.42,D
sz000021,深科技,2025-10-16 09:51:18,29.4,31800,29.39,E
sz000021,深科技,2025-10-16 09:51:21,29.38,33000,29.4,D
sz000021,深科技,2025-10-16 09:51:24,29.35,25900,29.38,D
sz000021,深科技,2025-10-16 09:51:27,29.35,9100,29.35,D
sz000021,深科技,2025-10-16 09:51:30,29.33,23600,29.35,D
sz000021,深科技,2025-10-16 09:51:33,29.32,27000,29.33,D
sz000021,深科技,2025-10-16 09:51:36,29.32,22800,29.32,D
sz000021,深科技,2025-10-16 09:51:39,29.32,37400,29.32,D
sz000021,深科技,2025-10-16 09:51:42,29.32,19700,29.32,U
sz000021,深科技,2025-10-16 09:51:45,29.35,33400,29.32,U
sz000021,深科技,2025-10-16 09:51:48,29.33,39200,29.35,D
sz000021,深科技,2025-10-16 09:51:51,29.33,47100,29.33,D
sz000021,深科技,2025-10-16 09:51:54,29.33,9300,29.33,D
sz000021,深科技,2025-10-16 09:51:57,29.33,7200,29.33,D
sz000021,深科技,2025-10-16 09:52:00,29.34,28800,29.33,U
sz000021,深科技,2025-10-16 09:52:03,29.32,23000,29.34,D
sz000021,深科技,2025-10-16 09:52:06,29.33,140800,29.32,U
sz000021,深科技,2025-10-16 09:52:09,29.33,47200,29.33,D
sz000021,深科技,2025-10-16 09:52:12,29.32,26600,29.33,D
sz000021,深科技,2025-10-16 09:52:15,29.34,33800,29.32,U
sz000021,深科技,2025-10-16 09:52:18,29.35,18700,29.34,U
sz000021,深科技,2025-10-16 09:52:21,29.35,13200,29.35,D
sz000021,深科技,2025-10-16 09:52:24,29.34,18900,29.35,D
sz000021,深科技,2025-10-16 09:52:27,29.33,25900,29.34,D
sz000021,深科技,2025-10-16 09:52:30,29.32,13400,29.33,D
sz000021,深科技,2025-10-16 09:52:36,29.32,10400,29.33,D
sz000021,深科技,2025-10-16 09:52:39,29.32,11400,29.32,U
sz000021,深科技,2025-10-16 09:52:42,29.31,37700,29.32,D
sz000021,深科技,2025-10-16 09:52:45,29.32,46700,29.31,U
sz000021,深科技,2025-10-16 09:52:48,29.33,23900,29.32,E
sz000021,深科技,2025-10-16 09:52:51,29.35,27600,29.33,U
sz000021,深科技,2025-10-16 09:52:54,29.32,7200,29.35,D
sz000021,深科技,2025-10-16 09:52:57,29.35,15900,29.32,D
sz000021,深科技,2025-10-16 09:53:00,29.35,15200,29.35,D
sz000021,深科技,2025-10-16 09:53:03,29.33,13400,29.35,D
sz000021,深科技,2025-10-16 09:53:06,29.34,42700,29.33,D
sz000021,深科技,2025-10-16 09:53:09,29.35,9800,29.34,E
sz000021,深科技,2025-10-16 09:53:12,29.38,24600,29.35,U
sz000021,深科技,2025-10-16 09:53:15,29.35,9700,29.38,D
sz000021,深科技,2025-10-16 09:53:18,29.35,20900,29.35,D
sz000021,深科技,2025-10-16 09:53:21,29.35,15100,29.35,D
sz000021,深科技,2025-10-16 09:53:24,29.35,17300,29.35,D
sz000021,深科技,2025-10-16 09:53:27,29.35,19600,29.35,U
sz000021,深科技,2025-10-16 09:53:30,29.34,22200,29.35,D
sz000021,深科技,2025-10-16 09:53:33,29.32,24800,29.34,D
sz000021,深科技,2025-10-16 09:53:36,29.33,15800,29.32,U
sz000021,深科技,2025-10-16 09:53:42,29.29,35800,29.31,D
sz000021,深科技,2025-10-16 09:53:45,29.28,13100,29.29,D
sz000021,深科技,2025-10-16 09:53:48,29.28,14100,29.28,D
sz000021,深科技,2025-10-16 09:53:51,29.28,16800,29.28,D
sz000021,深科技,2025-10-16 09:53:54,29.24,59800,29.28,D
sz000021,深科技,2025-10-16 09:53:57,29.21,38000,29.24,D
sz000021,深科技,2025-10-16 09:54:00,29.22,15100,29.21,U
sz000021,深科技,2025-10-16 09:54:03,29.2,59500,29.22,D
sz000021,深科技,2025-10-16 09:54:06,29.23,53300,29.2,U
sz000021,深科技,2025-10-16 09:54:09,29.21,26000,29.23,D
sz000021,深科技,2025-10-16 09:54:12,29.26,19600,29.21,U
sz000021,深科技,2025-10-16 09:54:15,29.27,33800,29.26,U
sz000021,深科技,2025-10-16 09:54:18,29.27,22000,29.27,U
sz000021,深科技,2025-10-16 09:54:21,29.27,23800,29.27,U
sz000021,深科技,2025-10-16 09:54:24,29.25,11000,29.27,D
sz000021,深科技,2025-10-16 09:54:27,29.24,36900,29.25,D
sz000021,深科技,2025-10-16 09:54:30,29.23,14700,29.24,D
sz000021,深科技,2025-10-16 09:54:33,29.23,35600,29.23,U
sz000021,深科技,2025-10-16 09:54:36,29.23,26600,29.23,U
sz000021,深科技,2025-10-16 09:54:39,29.24,20100,29.23,D
sz000021,深科技,2025-10-16 09:54:42,29.23,16000,29.24,D
sz000021,深科技,2025-10-16 09:54:45,29.24,61200,29.23,U
sz000021,深科技,2025-10-16 09:54:48,29.24,19400,29.24,E
sz000021,深科技,2025-10-16 09:54:51,29.25,19400,29.24,E
sz000021,深科技,2025-10-16 09:54:54,29.29,120900,29.25,U
sz000021,深科技,2025-10-16 09:54:57,29.28,6900,29.29,D
sz000021,深科技,2025-10-16 09:55:00,29.32,22500,29.28,U
sz000021,深科技,2025-10-16 09:55:06,29.31,12200,29.32,U
sz000021,深科技,2025-10-16 09:55:09,29.29,6900,29.31,D
sz000021,深科技,2025-10-16 09:55:12,29.29,17700,29.29,U
sz000021,深科技,2025-10-16 09:55:15,29.28,31900,29.29,D
sz000021,深科技,2025-10-16 09:55:18,29.28,9100,29.28,U
sz000021,深科技,2025-10-16 09:55:21,29.29,21000,29.28,U
sz000021,深科技,2025-10-16 09:55:27,29.28,38800,29.32,D
sz000021,深科技,2025-10-16 09:55:30,29.27,7300,29.28,D
sz000021,深科技,2025-10-16 09:55:33,29.3,35700,29.27,U
sz000021,深科技,2025-10-16 09:55:36,29.28,13000,29.3,D
sz000021,深科技,2025-10-16 09:55:39,29.27,24500,29.28,D
sz000021,深科技,2025-10-16 09:55:42,29.28,24900,29.27,E
sz000021,深科技,2025-10-16 09:55:45,29.33,56600,29.28,U
sz000021,深科技,2025-10-16 09:55:48,29.36,83700,29.33,U
sz000021,深科技,2025-10-16 09:55:51,29.36,18000,29.36,D
sz000021,深科技,2025-10-16 09:55:54,29.41,79800,29.36,U
sz000021,深科技,2025-10-16 09:55:57,29.45,110200,29.41,U
sz000021,深科技,2025-10-16 09:56:03,29.46,17300,29.46,U
sz000021,深科技,2025-10-16 09:56:06,29.4,85700,29.46,D
sz000021,深科技,2025-10-16 09:56:09,29.41,13400,29.4,U
sz000021,深科技,2025-10-16 09:56:12,29.4,12200,29.41,E
sz000021,深科技,2025-10-16 09:56:15,29.4,13400,29.4,D
sz000021,深科技,2025-10-16 09:56:18,29.36,39700,29.4,D
sz000021,深科技,2025-10-16 09:56:21,29.34,9300,29.36,D
sz000021,深科技,2025-10-16 09:56:30,29.34,12000,29.34,U
sz000021,深科技,2025-10-16 09:56:33,29.35,15100,29.34,U
sz000021,深科技,2025-10-16 09:56:36,29.32,11300,29.35,E
sz000021,深科技,2025-10-16 09:56:39,29.35,9300,29.32,U
sz000021,深科技,2025-10-16 09:56:42,29.32,16600,29.35,D
sz000021,深科技,2025-10-16 09:56:45,29.32,8700,29.32,D
sz000021,深科技,2025-10-16 09:56:48,29.32,32000,29.32,D
sz000021,深科技,2025-10-16 09:56:54,29.29,16600,29.29,D
sz000021,深科技,2025-10-16 09:56:57,29.29,32100,29.29,D
sz000021,深科技,2025-10-16 09:57:03,29.27,16400,29.28,D
sz000021,深科技,2025-10-16 09:57:06,29.3,46000,29.27,U
sz000021,深科技,2025-10-16 09:57:09,29.31,35400,29.3,U
sz000021,深科技,2025-10-16 09:57:12,29.34,26600,29.31,U
sz000021,深科技,2025-10-16 09:57:15,29.3,32800,29.34,D
sz000021,深科技,2025-10-16 09:57:18,29.32,48700,29.3,U
sz000021,深科技,2025-10-16 09:57:21,29.32,16100,29.32,D
sz000021,深科技,2025-10-16 09:57:24,29.32,8000,29.32,E
sz000021,深科技,2025-10-16 09:57:30,29.33,9600,29.32,U
sz000021,深科技,2025-10-16 09:57:33,29.36,81200,29.33,U
sz000021,深科技,2025-10-16 09:57:42,29.4,31700,29.37,U
sz000021,深科技,2025-10-16 09:57:45,29.4,30700,29.4,U
sz000021,深科技,2025-10-16 09:57:48,29.4,9100,29.4,D
sz000021,深科技,2025-10-16 09:57:51,29.39,8900,29.4,E
sz000021,深科技,2025-10-16 09:57:54,29.4,86100,29.39,U
sz000021,深科技,2025-10-16 09:57:57,29.35,36000,29.4,D
sz000021,深科技,2025-10-16 09:58:00,29.35,26200,29.35,D
sz000021,深科技,2025-10-16 09:58:03,29.4,21800,29.35,U
sz000021,深科技,2025-10-16 09:58:06,29.42,93991,29.4,U
sz000021,深科技,2025-10-16 09:58:09,29.47,9700,29.42,U
sz000021,深科技,2025-10-16 09:58:12,29.47,16500,29.47,D
sz000021,深科技,2025-10-16 09:58:15,29.47,11900,29.47,D
sz000021,深科技,2025-10-16 09:58:18,29.46,14200,29.47,D
sz000021,深科技,2025-10-16 09:58:21,29.46,9100,29.46,U
sz000021,深科技,2025-10-16 09:58:24,29.44,22700,29.46,D
sz000021,深科技,2025-10-16 09:58:27,29.43,14700,29.44,E
sz000021,深科技,2025-10-16 09:58:30,29.43,9500,29.43,D
sz000021,深科技,2025-10-16 09:58:33,29.43,15800,29.43,D
sz000021,深科技,2025-10-16 09:58:36,29.43,54000,29.43,U
sz000021,深科技,2025-10-16 09:58:39,29.38,25500,29.43,D
sz000021,深科技,2025-10-16 09:58:42,29.43,7100,29.38,U
sz000021,深科技,2025-10-16 09:58:45,29.4,14700,29.43,D
sz000021,深科技,2025-10-16 09:58:48,29.39,116000,29.4,D
sz000021,深科技,2025-10-16 09:58:51,29.38,22200,29.39,D
sz000021,深科技,2025-10-16 09:58:54,29.37,13600,29.38,D
sz000021,深科技,2025-10-16 09:58:57,29.35,38200,29.37,D
sz000021,深科技,2025-10-16 09:59:00,29.33,17300,29.35,D
sz000021,深科技,2025-10-16 09:59:03,29.29,78100,29.33,D
sz000021,深科技,2025-10-16 09:59:06,29.3,9200,29.29,U
sz000021,深科技,2025-10-16 09:59:09,29.3,10500,29.3,E
sz000021,深科技,2025-10-16 09:59:12,29.3,25400,29.3,U
sz000021,深科技,2025-10-16 09:59:15,29.31,67300,29.3,U
sz000021,深科技,2025-10-16 09:59:18,29.27,38400,29.31,D
sz000021,深科技,2025-10-16 09:59:21,29.23,104900,29.27,D
sz000021,深科技,2025-10-16 09:59:24,29.25,25800,29.23,U
sz000021,深科技,2025-10-16 09:59:27,29.25,39800,29.25,U
sz000021,深科技,2025-10-16 09:59:30,29.23,14800,29.25,D
sz000021,深科技,2025-10-16 09:59:33,29.2,174000,29.23,D
sz000021,深科技,2025-10-16 09:59:36,29.19,28100,29.2,D
sz000021,深科技,2025-10-16 09:59:39,29.19,40300,29.19,D
sz000021,深科技,2025-10-16 09:59:42,29.17,134600,29.19,D
sz000021,深科技,2025-10-16 09:59:45,29.15,11900,29.17,D
sz000021,深科技,2025-10-16 09:59:48,29.15,55500,29.15,D
sz000021,深科技,2025-10-16 09:59:51,29.14,22700,29.15,U
sz000021,深科技,2025-10-16 09:59:54,29.14,72200,29.14,D
sz000021,深科技,2025-10-16 09:59:57,29.11,75700,29.14,D
sz000021,深科技,2025-10-16 10:00:00,29.12,55000,29.11,E
sz000021,深科技,2025-10-16 10:00:03,29.15,373400,29.12,U
sz000021,深科技,2025-10-16 10:00:06,29.18,45900,29.15,U
sz000021,深科技,2025-10-16 10:00:09,29.18,92300,29.18,D
sz000021,深科技,2025-10-16 10:00:12,29.19,25300,29.18,U
sz000021,深科技,2025-10-16 10:00:15,29.19,19900,29.19,U
sz000021,深科技,2025-10-16 10:00:18,29.22,28400,29.19,U
sz000021,深科技,2025-10-16 10:00:21,29.23,16100,29.22,U
sz000021,深科技,2025-10-16 10:00:24,29.23,22500,29.23,U
sz000021,深科技,2025-10-16 10:00:27,29.22,20300,29.23,D
sz000021,深科技,2025-10-16 10:00:30,29.2,10300,29.22,D
sz000021,深科技,2025-10-16 10:00:33,29.18,33700,29.2,D
sz000021,深科技,2025-10-16 10:00:36,29.18,33300,29.18,D
sz000021,深科技,2025-10-16 10:00:39,29.16,18300,29.18,D
sz000021,深科技,2025-10-16 10:00:42,29.16,28700,29.16,D
sz000021,深科技,2025-10-16 10:00:45,29.18,56600,29.16,U
sz000021,深科技,2025-10-16 10:00:48,29.16,197800,29.18,D
sz000021,深科技,2025-10-16 10:00:51,29.18,15200,29.16,D
sz000021,深科技,2025-10-16 10:00:54,29.17,19100,29.18,D
sz000021,深科技,2025-10-16 10:00:57,29.17,8200,29.17,U
sz000021,深科技,2025-10-16 10:01:00,29.16,25600,29.17,D
sz000021,深科技,2025-10-16 10:01:03,29.16,59400,29.16,D
sz000021,深科技,2025-10-16 10:01:06,29.15,47800,29.16,D
sz000021,深科技,2025-10-16 10:01:09,29.13,72400,29.15,D
sz000021,深科技,2025-10-16 10:01:12,29.12,47000,29.13,D
sz000021,深科技,2025-10-16 10:01:15,29.11,142300,29.12,D
sz000021,深科技,2025-10-16 10:01:18,29.1,191900,29.11,D
sz000021,深科技,2025-10-16 10:01:21,29.11,152400,29.1,U
sz000021,深科技,2025-10-16 10:01:24,29.1,89500,29.11,D
sz000021,深科技,2025-10-16 10:01:27,29.1,33918,29.1,D
sz000021,深科技,2025-10-16 10:01:30,29.08,70275,29.1,D
sz000021,深科技,2025-10-16 10:01:33,29.09,50425,29.08,U
sz000021,深科技,2025-10-16 10:01:36,29.06,26600,29.09,E
sz000021,深科技,2025-10-16 10:01:39,29.05,79875,29.06,D
sz000021,深科技,2025-10-16 10:01:42,29.05,26000,29.05,E
sz000021,深科技,2025-10-16 10:01:45,29.03,91500,29.05,D
sz000021,深科技,2025-10-16 10:01:48,29.02,67600,29.03,D
sz000021,深科技,2025-10-16 10:01:51,29.02,72100,29.02,U
sz000021,深科技,2025-10-16 10:01:54,29.01,113400,29.02,D
sz000021,深科技,2025-10-16 10:01:57,29.04,106500,29.01,U
sz000021,深科技,2025-10-16 10:02:00,29.01,972800,29.04,E
sz000021,深科技,2025-10-16 10:02:03,29.01,199025,29.01,D
sz000021,深科技,2025-10-16 10:02:06,29.06,116000,29.01,E
sz000021,深科技,2025-10-16 10:02:09,29.0,70800,29.06,D
sz000021,深科技,2025-10-16 10:02:12,29.02,247500,29.0,U
sz000021,深科技,2025-10-16 10:02:15,29.02,62300,29.02,U
sz000021,深科技,2025-10-16 10:02:18,29.02,49400,29.02,E
sz000021,深科技,2025-10-16 10:02:21,29.01,33300,29.02,D
sz000021,深科技,2025-10-16 10:02:24,29.01,18200,29.01,D
sz000021,深科技,2025-10-16 10:02:27,29.02,33100,29.01,U
sz000021,深科技,2025-10-16 10:02:30,29.02,63100,29.02,U
sz000021,深科技,2025-10-16 10:02:33,29.02,37800,29.02,D
sz000021,深科技,2025-10-16 10:02:36,29.03,30082,29.02,D
sz000021,深科技,2025-10-16 10:02:39,29.05,23600,29.03,U
sz000021,深科技,2025-10-16 10:02:42,29.02,16200,29.05,D
sz000021,深科技,2025-10-16 10:02:45,29.03,17000,29.02,U
sz000021,深科技,2025-10-16 10:02:48,29.02,21700,29.03,D
sz000021,深科技,2025-10-16 10:02:51,29.02,57200,29.02,D
sz000021,深科技,2025-10-16 10:02:54,29.01,86900,29.02,D
sz000021,深科技,2025-10-16 10:02:57,28.98,58200,29.01,D
sz000021,深科技,2025-10-16 10:03:00,28.98,37800,28.98,D
sz000021,深科技,2025-10-16 10:03:03,28.96,25200,28.98,D
sz000021,深科技,2025-10-16 10:03:06,28.93,46500,28.96,D
sz000021,深科技,2025-10-16 10:03:09,28.97,54999,28.93,U
sz000021,深科技,2025-10-16 10:03:12,29.01,217400,28.97,U
sz000021,深科技,2025-10-16 10:03:15,29.02,39800,29.01,E
sz000021,深科技,2025-10-16 10:03:18,29.03,40000,29.02,E
sz000021,深科技,2025-10-16 10:03:21,29.05,29400,29.03,U
sz000021,深科技,2025-10-16 10:03:24,29.05,26200,29.05,D
sz000021,深科技,2025-10-16 10:03:27,29.05,26600,29.05,U
sz000021,深科技,2025-10-16 10:03:30,29.04,16800,29.05,D
sz000021,深科技,2025-10-16 10:03:33,29.04,32300,29.04,U
sz000021,深科技,2025-10-16 10:03:36,29.04,24400,29.04,U
sz000021,深科技,2025-10-16 10:03:39,29.0,36200,29.04,D
sz000021,深科技,2025-10-16 10:03:42,29.0,37700,29.0,U
sz000021,深科技,2025-10-16 10:03:45,29.0,86000,29.0,U
sz000021,深科技,2025-10-16 10:03:48,28.97,24300,29.0,D
sz000021,深科技,2025-10-16 10:03:51,29.01,97900,28.97,U
sz000021,深科技,2025-10-16 10:03:54,29.0,32400,29.01,D
sz000021,深科技,2025-10-16 10:03:57,28.99,37500,29.0,D
sz000021,深科技,2025-10-16 10:04:00,29.0,34300,28.99,E
sz000021,深科技,2025-10-16 10:04:03,29.0,189400,29.0,D
sz000021,深科技,2025-10-16 10:04:06,29.0,26900,29.0,D
sz000021,深科技,2025-10-16 10:04:09,29.04,403000,29.0,U
sz000021,深科技,2025-10-16 10:04:12,29.05,36000,29.04,U
sz000021,深科技,2025-10-16 10:04:15,29.04,110500,29.05,D
sz000021,深科技,2025-10-16 10:04:18,29.04,18700,29.04,D
sz000021,深科技,2025-10-16 10:04:21,29.07,18400,29.04,U
sz000021,深科技,2025-10-16 10:04:24,29.08,41900,29.07,U
sz000021,深科技,2025-10-16 10:04:27,29.09,9900,29.08,U
sz000021,深科技,2025-10-16 10:04:30,29.1,13300,29.09,U
sz000021,深科技,2025-10-16 10:04:33,29.1,9500,29.1,U
sz000021,深科技,2025-10-16 10:04:36,29.1,29900,29.1,U
sz000021,深科技,2025-10-16 10:04:39,29.08,19100,29.1,D
sz000021,深科技,2025-10-16 10:04:42,29.1,38100,29.08,U
sz000021,深科技,2025-10-16 10:04:45,29.09,23400,29.1,D
sz000021,深科技,2025-10-16 10:04:48,29.1,43800,29.09,U
sz000021,深科技,2025-10-16 10:04:51,29.1,42700,29.1,D
sz000021,深科技,2025-10-16 10:04:54,29.08,17800,29.1,D
sz000021,深科技,2025-10-16 10:04:57,29.08,74300,29.08,U
sz000021,深科技,2025-10-16 10:05:00,29.09,50700,29.08,U
sz000021,深科技,2025-10-16 10:05:03,29.09,20300,29.09,D
sz000021,深科技,2025-10-16 10:05:06,29.1,62500,29.09,U
sz000021,深科技,2025-10-16 10:05:09,29.11,94000,29.1,E
sz000021,深科技,2025-10-16 10:05:12,29.14,35100,29.11,E
sz000021,深科技,2025-10-16 10:05:15,29.16,31100,29.14,U
sz000021,深科技,2025-10-16 10:05:18,29.16,61800,29.16,D
sz000021,深科技,2025-10-16 10:05:21,29.16,31700,29.16,D
sz000021,深科技,2025-10-16 10:05:24,29.2,16100,29.16,U
sz000021,深科技,2025-10-16 10:05:27,29.16,7500,29.2,D
sz000021,深科技,2025-10-16 10:05:30,29.15,38200,29.16,D
sz000021,深科技,2025-10-16 10:05:33,29.15,19200,29.15,E
sz000021,深科技,2025-10-16 10:05:36,29.11,43100,29.15,D
sz000021,深科技,2025-10-16 10:05:39,29.1,28300,29.11,D
sz000021,深科技,2025-10-16 10:05:42,29.11,17500,29.1,E
sz000021,深科技,2025-10-16 10:05:45,29.13,24600,29.11,U
sz000021,深科技,2025-10-16 10:05:48,29.15,27200,29.13,U
sz000021,深科技,2025-10-16 10:05:51,29.13,12300,29.15,D
sz000021,深科技,2025-10-16 10:05:54,29.13,51800,29.13,D
sz000021,深科技,2025-10-16 10:05:57,29.08,103600,29.13,D
sz000021,深科技,2025-10-16 10:06:00,29.09,28800,29.08,U
sz000021,深科技,2025-10-16 10:06:03,29.12,133900,29.09,U
sz000021,深科技,2025-10-16 10:06:06,29.12,35200,29.12,D
sz000021,深科技,2025-10-16 10:06:09,29.15,34400,29.12,U
sz000021,深科技,2025-10-16 10:06:12,29.15,70600,29.15,E
sz000021,深科技,2025-10-16 10:06:15,29.15,27200,29.15,E
sz000021,深科技,2025-10-16 10:06:18,29.13,30800,29.15,D
sz000021,深科技,2025-10-16 10:06:21,29.11,16900,29.13,D
sz000021,深科技,2025-10-16 10:06:24,29.13,23600,29.11,U
sz000021,深科技,2025-10-16 10:06:27,29.09,45700,29.13,D
sz000021,深科技,2025-10-16 10:06:30,29.09,12500,29.09,D
sz000021,深科技,2025-10-16 10:06:33,29.12,20500,29.09,U
sz000021,深科技,2025-10-16 10:06:36,29.09,18800,29.12,D
sz000021,深科技,2025-10-16 10:06:39,29.12,10600,29.09,U
sz000021,深科技,2025-10-16 10:06:42,29.1,9600,29.12,D
sz000021,深科技,2025-10-16 10:06:45,29.11,12500,29.1,U
sz000021,深科技,2025-10-16 10:06:48,29.11,7400,29.11,D
sz000021,深科技,2025-10-16 10:06:51,29.13,51800,29.11,U
sz000021,深科技,2025-10-16 10:06:54,29.13,10700,29.13,U
sz000021,深科技,2025-10-16 10:06:57,29.13,8700,29.13,U
sz000021,深科技,2025-10-16 10:07:00,29.11,9100,29.13,D
sz000021,深科技,2025-10-16 10:07:03,29.13,24800,29.11,U
sz000021,深科技,2025-10-16 10:07:06,29.15,46300,29.13,U
sz000021,深科技,2025-10-16 10:07:09,29.18,63800,29.15,U
sz000021,深科技,2025-10-16 10:07:12,29.18,62100,29.18,U
sz000021,深科技,2025-10-16 10:07:15,29.18,28600,29.18,U
sz000021,深科技,2025-10-16 10:07:18,29.18,8700,29.18,D
sz000021,深科技,2025-10-16 10:07:21,29.19,11000,29.18,U
sz000021,深科技,2025-10-16 10:07:24,29.17,45700,29.19,E
sz000021,深科技,2025-10-16 10:07:27,29.15,46800,29.17,D
sz000021,深科技,2025-10-16 10:07:30,29.11,15700,29.15,D
sz000021,深科技,2025-10-16 10:07:33,29.12,9400,29.11,E
sz000021,深科技,2025-10-16 10:07:36,29.11,28000,29.12,D
sz000021,深科技,2025-10-16 10:07:39,29.13,15200,29.11,E
sz000021,深科技,2025-10-16 10:07:42,29.11,49900,29.13,D
sz000021,深科技,2025-10-16 10:07:45,29.12,17800,29.11,E
sz000021,深科技,2025-10-16 10:07:48,29.12,7300,29.12,D
sz000021,深科技,2025-10-16 10:07:51,29.11,74600,29.12,D
sz000021,深科技,2025-10-16 10:07:54,29.1,36400,29.11,D
sz000021,深科技,2025-10-16 10:07:57,29.09,78700,29.1,D
sz000021,深科技,2025-10-16 10:08:00,29.09,22100,29.09,D
sz000021,深科技,2025-10-16 10:08:03,29.08,78900,29.09,E
sz000021,深科技,2025-10-16 10:08:06,29.06,104000,29.08,D
sz000021,深科技,2025-10-16 10:08:09,29.09,1069388,29.06,U
sz000021,深科技,2025-10-16 10:08:12,29.08,191700,29.09,D
sz000021,深科技,2025-10-16 10:08:15,29.09,34100,29.08,U
sz000021,深科技,2025-10-16 10:08:18,29.09,12200,29.09,D
sz000021,深科技,2025-10-16 10:08:21,29.11,10200,29.09,U
sz000021,深科技,2025-10-16 10:08:24,29.12,74000,29.11,U
sz000021,深科技,2025-10-16 10:08:27,29.12,12100,29.12,U
sz000021,深科技,2025-10-16 10:08:30,29.12,8100,29.12,U
sz000021,深科技,2025-10-16 10:08:33,29.15,16100,29.12,U
sz000021,深科技,2025-10-16 10:08:39,29.2,103000,29.17,U
sz000021,深科技,2025-10-16 10:08:42,29.22,23200,29.2,U
sz000021,深科技,2025-10-16 10:08:45,29.22,29500,29.22,U
sz000021,深科技,2025-10-16 10:08:48,29.22,52000,29.22,U
sz000021,深科技,2025-10-16 10:08:51,29.22,12300,29.22,U
sz000021,深科技,2025-10-16 10:08:54,29.23,38200,29.22,U
sz000021,深科技,2025-10-16 10:08:57,29.24,7200,29.23,U
sz000021,深科技,2025-10-16 10:09:00,29.24,34000,29.24,U
sz000021,深科技,2025-10-16 10:09:03,29.24,26900,29.24,D
sz000021,深科技,2025-10-16 10:09:06,29.25,23500,29.24,U
sz000021,深科技,2025-10-16 10:09:09,29.25,22200,29.25,D
sz000021,深科技,2025-10-16 10:09:12,29.24,11500,29.25,D
sz000021,深科技,2025-10-16 10:09:15,29.25,7200,29.24,U
sz000021,深科技,2025-10-16 10:09:18,29.24,27500,29.25,D
sz000021,深科技,2025-10-16 10:09:21,29.24,13600,29.24,D
sz000021,深科技,2025-10-16 10:09:27,29.23,18400,29.24,D
sz000021,深科技,2025-10-16 10:09:30,29.22,17400,29.23,D
sz000021,深科技,2025-10-16 10:09:33,29.22,10700,29.22,D
sz000021,深科技,2025-10-16 10:09:36,29.21,7200,29.22,D
sz000021,深科技,2025-10-16 10:09:39,29.2,12000,29.21,D
sz000021,深科技,2025-10-16 10:09:42,29.2,7200,29.2,D
sz000021,深科技,2025-10-16 10:09:51,29.19,25000,29.19,D
sz000021,深科技,2025-10-16 10:09:54,29.16,20300,29.19,D
sz000021,深科技,2025-10-16 10:10:00,29.18,15300,29.19,D
sz000021,深科技,2025-10-16 10:10:03,29.18,39900,29.18,D
sz000021,深科技,2025-10-16 10:10:06,29.18,8900,29.18,U
sz000021,深科技,2025-10-16 10:10:12,29.19,29800,29.18,U
sz000021,深科技,2025-10-16 10:10:15,29.21,24400,29.19,U
sz000021,深科技,2025-10-16 10:10:18,29.2,40200,29.21,D
sz000021,深科技,2025-10-16 10:10:27,29.21,32000,29.22,D
sz000021,深科技,2025-10-16 10:10:30,29.23,36800,29.21,U
sz000021,深科技,2025-10-16 10:10:36,29.23,16600,29.23,D
sz000021,深科技,2025-10-16 10:10:39,29.24,23000,29.23,E
sz000021,深科技,2025-10-16 10:10:42,29.24,33900,29.24,D
sz000021,深科技,2025-10-16 10:10:45,29.23,47300,29.24,D
sz000021,深科技,2025-10-16 10:10:48,29.22,17100,29.23,E
sz000021,深科技,2025-10-16 10:10:51,29.21,9600,29.22,E
sz000021,深科技,2025-10-16 10:10:54,29.22,12600,29.21,U
sz000021,深科技,2025-10-16 10:10:57,29.21,11700,29.22,U
sz000021,深科技,2025-10-16 10:11:00,29.2,24100,29.21,D
sz000021,深科技,2025-10-16 10:11:03,29.2,16800,29.2,U
sz000021,深科技,2025-10-16 10:11:06,29.19,9500,29.2,D
sz000021,深科技,2025-10-16 10:11:09,29.19,11000,29.19,D
sz000021,深科技,2025-10-16 10:11:12,29.21,60000,29.19,U
sz000021,深科技,2025-10-16 10:11:15,29.24,14900,29.21,U
sz000021,深科技,2025-10-16 10:11:18,29.25,10100,29.24,U
sz000021,深科技,2025-10-16 10:11:21,29.27,27000,29.25,U
sz000021,深科技,2025-10-16 10:11:24,29.27,8100,29.27,U
sz000021,深科技,2025-10-16 10:11:30,29.3,21800,29.28,U
sz000021,深科技,2025-10-16 10:11:33,29.33,28200,29.3,U
sz000021,深科技,2025-10-16 10:11:39,29.3,60800,29.33,D
sz000021,深科技,2025-10-16 10:11:42,29.29,18000,29.3,D
sz000021,深科技,2025-10-16 10:11:45,29.28,29400,29.29,D
sz000021,深科技,2025-10-16 10:11:48,29.3,46600,29.28,U
sz000021,深科技,2025-10-16 10:11:51,29.32,11700,29.3,U
sz000021,深科技,2025-10-16 10:11:54,29.32,48200,29.32,U
sz000021,深科技,2025-10-16 10:11:57,29.32,8400,29.32,D
sz000021,深科技,2025-10-16 10:12:00,29.33,16700,29.32,U
sz000021,深科技,2025-10-16 10:12:03,29.3,17400,29.33,D
sz000021,深科技,2025-10-16 10:12:06,29.34,28400,29.3,U
sz000021,深科技,2025-10-16 10:12:09,29.33,94400,29.34,U
sz000021,深科技,2025-10-16 10:12:12,29.28,19500,29.33,E
sz000021,深科技,2025-10-16 10:12:15,29.3,80600,29.28,U
sz000021,深科技,2025-10-16 10:12:18,29.32,37900,29.3,U
sz000021,深科技,2025-10-16 10:12:21,29.32,46100,29.32,U
sz000021,深科技,2025-10-16 10:12:24,29.32,17900,29.32,U
sz000021,深科技,2025-10-16 10:12:27,29.28,23000,29.32,D
sz000021,深科技,2025-10-16 10:12:30,29.28,40300,29.28,D
sz000021,深科技,2025-10-16 10:12:33,29.28,9300,29.28,U
sz000021,深科技,2025-10-16 10:12:36,29.28,10000,29.28,U
sz000021,深科技,2025-10-16 10:12:39,29.28,20700,29.28,U
sz000021,深科技,2025-10-16 10:12:42,29.25,71900,29.28,D
sz000021,深科技,2025-10-16 10:12:45,29.28,36000,29.25,U
sz000021,深科技,2025-10-16 10:12:48,29.28,23400,29.28,D
sz000021,深科技,2025-10-16 10:12:51,29.3,50600,29.28,U
sz000021,深科技,2025-10-16 10:12:54,29.3,76500,29.3,D
sz000021,深科技,2025-10-16 10:12:57,29.3,48500,29.3,U
sz000021,深科技,2025-10-16 10:13:00,29.31,41800,29.3,U
sz000021,深科技,2025-10-16 10:13:03,29.29,68700,29.31,D
sz000021,深科技,2025-10-16 10:13:06,29.31,23300,29.29,U
sz000021,深科技,2025-10-16 10:13:09,29.32,95300,29.31,E
sz000021,深科技,2025-10-16 10:13:12,29.39,60000,29.32,U
sz000021,深科技,2025-10-16 10:13:15,29.39,10500,29.39,D
sz000021,深科技,2025-10-16 10:13:18,29.43,10800,29.39,U
sz000021,深科技,2025-10-16 10:13:21,29.42,18900,29.43,D
sz000021,深科技,2025-10-16 10:13:24,29.42,36300,29.42,U
sz000021,深科技,2025-10-16 10:13:27,29.4,16400,29.42,E
sz000021,深科技,2025-10-16 10:13:30,29.38,28900,29.4,D
sz000021,深科技,2025-10-16 10:13:33,29.39,13400,29.38,E
sz000021,深科技,2025-10-16 10:13:36,29.38,22900,29.39,D
sz000021,深科技,2025-10-16 10:13:39,29.36,20600,29.38,D
sz000021,深科技,2025-10-16 10:13:42,29.36,33800,29.36,U
sz000021,深科技,2025-10-16 10:13:45,29.35,29300,29.36,D
sz000021,深科技,2025-10-16 10:13:48,29.34,18600,29.35,D
sz000021,深科技,2025-10-16 10:13:51,29.35,54400,29.34,U
sz000021,深科技,2025-10-16 10:13:54,29.36,21100,29.35,E
sz000021,深科技,2025-10-16 10:13:57,29.41,45500,29.36,U
sz000021,深科技,2025-10-16 10:14:00,29.42,19600,29.41,U
sz000021,深科技,2025-10-16 10:14:03,29.4,19400,29.42,D
sz000021,深科技,2025-10-16 10:14:06,29.42,46800,29.4,U
sz000021,深科技,2025-10-16 10:14:09,29.42,121200,29.42,U
sz000021,深科技,2025-10-16 10:14:12,29.41,48121,29.42,D
sz000021,深科技,2025-10-16 10:14:15,29.4,20800,29.41,E
sz000021,深科技,2025-10-16 10:14:18,29.4,25400,29.4,U
sz000021,深科技,2025-10-16 10:14:21,29.4,80300,29.4,U
sz000021,深科技,2025-10-16 10:14:24,29.41,34000,29.4,E
sz000021,深科技,2025-10-16 10:14:27,29.46,14300,29.41,U
sz000021,深科技,2025-10-16 10:14:30,29.42,8800,29.46,E
sz000021,深科技,2025-10-16 10:14:33,29.46,16500,29.42,U
sz000021,深科技,2025-10-16 10:14:36,29.43,22700,29.46,D
sz000021,深科技,2025-10-16 10:14:39,29.43,42300,29.43,U
sz000021,深科技,2025-10-16 10:14:42,29.42,43800,29.43,E
sz000021,深科技,2025-10-16 10:14:45,29.39,32300,29.42,D
sz000021,深科技,2025-10-16 10:14:48,29.39,23479,29.39,U
sz000021,深科技,2025-10-16 10:14:51,29.38,36700,29.39,D
sz000021,深科技,2025-10-16 10:14:54,29.38,85300,29.38,D
sz000021,深科技,2025-10-16 10:14:57,29.38,35900,29.38,U
sz000021,深科技,2025-10-16 10:15:00,29.36,23200,29.38,U
sz000021,深科技,2025-10-16 10:15:03,29.37,7700,29.36,U
sz000021,深科技,2025-10-16 10:15:06,29.37,8500,29.37,E
sz000021,深科技,2025-10-16 10:15:09,29.36,11000,29.37,D
sz000021,深科技,2025-10-16 10:15:12,29.36,30300,29.36,U
sz000021,深科技,2025-10-16 10:15:15,29.39,30300,29.36,U
sz000021,深科技,2025-10-16 10:15:18,29.41,21500,29.39,U
sz000021,深科技,2025-10-16 10:15:24,29.43,9300,29.41,U
sz000021,深科技,2025-10-16 10:15:27,29.42,22600,29.43,D
sz000021,深科技,2025-10-16 10:15:30,29.42,11600,29.42,D
sz000021,深科技,2025-10-16 10:15:33,29.42,23300,29.42,U
sz000021,深科技,2025-10-16 10:15:36,29.41,11800,29.42,D
sz000021,深科技,2025-10-16 10:15:39,29.4,23900,29.41,D
sz000021,深科技,2025-10-16 10:15:42,29.41,7400,29.4,U
sz000021,深科技,2025-10-16 10:15:45,29.41,8800,29.41,U
sz000021,深科技,2025-10-16 10:15:48,29.41,13821,29.41,U
sz000021,深科技,2025-10-16 10:15:51,29.42,20400,29.41,U
sz000021,深科技,2025-10-16 10:15:54,29.43,127500,29.42,U
sz000021,深科技,2025-10-16 10:15:57,29.41,62200,29.43,U
sz000021,深科技,2025-10-16 10:16:00,29.41,21800,29.41,U
sz000021,深科技,2025-10-16 10:16:03,29.41,14700,29.41,U
sz000021,深科技,2025-10-16 10:16:06,29.41,10500,29.41,D
sz000021,深科技,2025-10-16 10:16:09,29.41,54100,29.41,U
sz000021,深科技,2025-10-16 10:16:12,29.42,11800,29.41,U
sz000021,深科技,2025-10-16 10:16:15,29.42,8000,29.42,D
sz000021,深科技,2025-10-16 10:16:18,29.43,49300,29.42,U
sz000021,深科技,2025-10-16 10:16:21,29.47,59600,29.43,U
sz000021,深科技,2025-10-16 10:16:24,29.48,25200,29.47,U
sz000021,深科技,2025-10-16 10:16:27,29.5,82000,29.48,U
sz000021,深科技,2025-10-16 10:16:30,29.5,130500,29.5,U
sz000021,深科技,2025-10-16 10:16:33,29.5,57900,29.5,U
sz000021,深科技,2025-10-16 10:16:36,29.5,38200,29.5,U
sz000021,深科技,2025-10-16 10:16:39,29.5,22600,29.5,D
sz000021,深科技,2025-10-16 10:16:42,29.5,83800,29.5,U
sz000021,深科技,2025-10-16 10:16:45,29.5,33750,29.5,U
sz000021,深科技,2025-10-16 10:16:48,29.5,41750,29.5,D
sz000021,深科技,2025-10-16 10:16:51,29.5,12200,29.5,U
sz000021,深科技,2025-10-16 10:16:54,29.47,37700,29.5,D
sz000021,深科技,2025-10-16 10:16:57,29.47,28800,29.47,U
sz000021,深科技,2025-10-16 10:17:00,29.47,28200,29.47,U
sz000021,深科技,2025-10-16 10:17:03,29.48,15200,29.47,U
sz000021,深科技,2025-10-16 10:17:06,29.48,20700,29.48,U
sz000021,深科技,2025-10-16 10:17:09,29.5,25300,29.48,U
sz000021,深科技,2025-10-16 10:17:12,29.49,18400,29.5,D
sz000021,深科技,2025-10-16 10:17:15,29.5,37200,29.49,U
sz000021,深科技,2025-10-16 10:17:18,29.5,38300,29.5,U
sz000021,深科技,2025-10-16 10:17:21,29.52,30700,29.5,U
sz000021,深科技,2025-10-16 10:17:24,29.55,50550,29.52,U
sz000021,深科技,2025-10-16 10:17:27,29.56,78900,29.55,U
sz000021,深科技,2025-10-16 10:17:30,29.58,125600,29.56,U
sz000021,深科技,2025-10-16 10:17:33,29.6,95800,29.58,U
sz000021,深科技,2025-10-16 10:17:36,29.61,56600,29.6,U
sz000021,深科技,2025-10-16 10:17:39,29.62,128800,29.61,U
sz000021,深科技,2025-10-16 10:17:42,29.64,64500,29.62,U
sz000021,深科技,2025-10-16 10:17:45,29.66,122500,29.64,U
sz000021,深科技,2025-10-16 10:17:48,29.66,47700,29.66,U
sz000021,深科技,2025-10-16 10:17:51,29.67,171100,29.66,U
sz000021,深科技,2025-10-16 10:17:54,29.69,134100,29.67,U
sz000021,深科技,2025-10-16 10:17:57,29.68,56500,29.69,D
sz000021,深科技,2025-10-16 10:18:00,29.69,96000,29.68,E
sz000021,深科技,2025-10-16 10:18:03,29.7,97200,29.69,U
sz000021,深科技,2025-10-16 10:18:06,29.67,150500,29.7,D
sz000021,深科技,2025-10-16 10:18:09,29.56,211200,29.67,D
sz000021,深科技,2025-10-16 10:18:12,29.62,70800,29.56,E
sz000021,深科技,2025-10-16 10:18:15,29.65,99700,29.62,U
sz000021,深科技,2025-10-16 10:18:18,29.65,55900,29.65,U
sz000021,深科技,2025-10-16 10:18:21,29.65,55200,29.65,D
sz000021,深科技,2025-10-16 10:18:24,29.62,45800,29.65,D
sz000021,深科技,2025-10-16 10:18:27,29.61,51700,29.62,D
sz000021,深科技,2025-10-16 10:18:30,29.6,47400,29.61,D
sz000021,深科技,2025-10-16 10:18:33,29.6,43300,29.6,D
sz000021,深科技,2025-10-16 10:18:36,29.6,60500,29.6,D
sz000021,深科技,2025-10-16 10:18:39,29.62,57400,29.6,U
sz000021,深科技,2025-10-16 10:18:42,29.62,21000,29.62,U
sz000021,深科技,2025-10-16 10:18:45,29.6,31200,29.62,D
sz000021,深科技,2025-10-16 10:18:48,29.62,42900,29.6,U
sz000021,深科技,2025-10-16 10:18:51,29.62,39300,29.62,D
sz000021,深科技,2025-10-16 10:18:54,29.62,146000,29.62,D
sz000021,深科技,2025-10-16 10:18:57,29.61,135600,29.62,D
sz000021,深科技,2025-10-16 10:19:00,29.59,41300,29.61,D
sz000021,深科技,2025-10-16 10:19:03,29.59,74900,29.59,D
sz000021,深科技,2025-10-16 10:19:06,29.58,22600,29.59,E
sz000021,深科技,2025-10-16 10:19:09,29.55,25300,29.58,E
sz000021,深科技,2025-10-16 10:19:12,29.52,23000,29.55,D
sz000021,深科技,2025-10-16 10:19:15,29.52,31000,29.52,U
sz000021,深科技,2025-10-16 10:19:18,29.51,18300,29.52,D
sz000021,深科技,2025-10-16 10:19:21,29.5,43300,29.51,D
sz000021,深科技,2025-10-16 10:19:24,29.5,73700,29.5,D
sz000021,深科技,2025-10-16 10:19:27,29.49,47100,29.5,E
sz000021,深科技,2025-10-16 10:19:30,29.48,28100,29.49,D
sz000021,深科技,2025-10-16 10:19:36,29.5,61500,29.46,U
sz000021,深科技,2025-10-16 10:19:39,29.5,7100,29.5,U
sz000021,深科技,2025-10-16 10:19:42,29.52,39200,29.5,U
sz000021,深科技,2025-10-16 10:19:48,29.5,26500,29.52,D
sz000021,深科技,2025-10-16 10:19:51,29.52,53200,29.5,U
sz000021,深科技,2025-10-16 10:19:54,29.51,35700,29.52,U
sz000021,深科技,2025-10-16 10:19:57,29.51,15800,29.51,D
sz000021,深科技,2025-10-16 10:20:00,29.5,26700,29.51,D
sz000021,深科技,2025-10-16 10:20:03,29.5,40600,29.5,D
sz000021,深科技,2025-10-16 10:20:06,29.46,84300,29.5,D
sz000021,深科技,2025-10-16 10:20:09,29.47,11600,29.46,U
sz000021,深科技,2025-10-16 10:20:12,29.46,25300,29.47,D
sz000021,深科技,2025-10-16 10:20:15,29.46,12800,29.46,D
sz000021,深科技,2025-10-16 10:20:18,29.48,10800,29.46,U
sz000021,深科技,2025-10-16 10:20:21,29.52,48800,29.48,U
sz000021,深科技,2025-10-16 10:20:27,29.51,6800,29.52,E
sz000021,深科技,2025-10-16 10:20:30,29.5,16600,29.51,E
sz000021,深科技,2025-10-16 10:20:33,29.52,37700,29.5,U
sz000021,深科技,2025-10-16 10:20:36,29.52,25800,29.52,D
sz000021,深科技,2025-10-16 10:20:39,29.52,12700,29.52,U
sz000021,深科技,2025-10-16 10:20:42,29.57,66500,29.52,U
sz000021,深科技,2025-10-16 10:20:45,29.53,10200,29.57,D
sz000021,深科技,2025-10-16 10:20:48,29.57,7500,29.53,U
sz000021,深科技,2025-10-16 10:20:51,29.58,35800,29.57,U
sz000021,深科技,2025-10-16 10:20:54,29.58,37500,29.58,U
sz000021,深科技,2025-10-16 10:20:57,29.6,39300,29.58,U
sz000021,深科技,2025-10-16 10:21:00,29.57,89700,29.6,D
sz000021,深科技,2025-10-16 10:21:03,29.55,70800,29.57,D
sz000021,深科技,2025-10-16 10:21:06,29.55,21100,29.55,U
sz000021,深科技,2025-10-16 10:21:09,29.6,104600,29.55,U
sz000021,深科技,2025-10-16 10:21:12,29.6,65300,29.6,U
sz000021,深科技,2025-10-16 10:21:15,29.6,37700,29.6,D
sz000021,深科技,2025-10-16 10:21:18,29.61,19300,29.6,E
sz000021,深科技,2025-10-16 10:21:21,29.6,41300,29.61,D
sz000021,深科技,2025-10-16 10:21:24,29.6,25800,29.6,U
sz000021,深科技,2025-10-16 10:21:27,29.61,16100,29.6,U
sz000021,深科技,2025-10-16 10:21:30,29.6,33800,29.61,D
sz000021,深科技,2025-10-16 10:21:33,29.6,42700,29.6,D
sz000021,深科技,2025-10-16 10:21:36,29.58,58200,29.6,D
sz000021,深科技,2025-10-16 10:21:39,29.61,219900,29.58,U
sz000021,深科技,2025-10-16 10:21:42,29.6,127500,29.61,D
sz000021,深科技,2025-10-16 10:21:45,29.64,73600,29.6,D
sz000021,深科技,2025-10-16 10:21:48,29.67,168600,29.64,U
sz000021,深科技,2025-10-16 10:21:51,29.68,60200,29.67,U
sz000021,深科技,2025-10-16 10:21:54,29.68,113300,29.68,D
sz000021,深科技,2025-10-16 10:21:57,29.69,107100,29.68,U
sz000021,深科技,2025-10-16 10:22:00,29.69,149000,29.69,D
sz000021,深科技,2025-10-16 10:22:03,29.7,171200,29.69,U
sz000021,深科技,2025-10-16 10:22:06,29.73,80100,29.7,U
sz000021,深科技,2025-10-16 10:22:09,29.66,331500,29.73,D
sz000021,深科技,2025-10-16 10:22:12,29.64,226900,29.66,E
sz000021,深科技,2025-10-16 10:22:15,29.59,97100,29.64,D
sz000021,深科技,2025-10-16 10:22:18,29.6,31900,29.59,U
sz000021,深科技,2025-10-16 10:22:21,29.62,35800,29.6,U
sz000021,深科技,2025-10-16 10:22:24,29.64,147100,29.62,U
sz000021,深科技,2025-10-16 10:22:27,29.65,87700,29.64,U
sz000021,深科技,2025-10-16 10:22:30,29.65,93100,29.65,U
sz000021,深科技,2025-10-16 10:22:33,29.66,28200,29.65,U
sz000021,深科技,2025-10-16 10:22:36,29.68,45200,29.66,E
sz000021,深科技,2025-10-16 10:22:39,29.7,19600,29.68,U
sz000021,深科技,2025-10-16 10:22:42,29.7,29500,29.7,U
sz000021,深科技,2025-10-16 10:22:45,29.7,81700,29.7,U
sz000021,深科技,2025-10-16 10:22:48,29.71,78000,29.7,U
sz000021,深科技,2025-10-16 10:22:51,29.66,86700,29.71,D
sz000021,深科技,2025-10-16 10:22:54,29.68,67300,29.66,E
sz000021,深科技,2025-10-16 10:22:57,29.67,90700,29.68,E
sz000021,深科技,2025-10-16 10:23:00,29.66,44600,29.67,E
sz000021,深科技,2025-10-16 10:23:03,29.67,31200,29.66,U
sz000021,深科技,2025-10-16 10:23:06,29.68,35600,29.67,U
sz000021,深科技,2025-10-16 10:23:09,29.7,197500,29.68,U
sz000021,深科技,2025-10-16 10:23:12,29.71,47600,29.7,U
sz000021,深科技,2025-10-16 10:23:15,29.73,70900,29.71,U
sz000021,深科技,2025-10-16 10:23:18,29.72,49900,29.73,D
sz000021,深科技,2025-10-16 10:23:21,29.73,74300,29.72,U
sz000021,深科技,2025-10-16 10:23:24,29.73,97800,29.73,U
sz000021,深科技,2025-10-16 10:23:27,29.75,108500,29.73,U
sz000021,深科技,2025-10-16 10:23:30,29.75,75200,29.75,U
sz000021,深科技,2025-10-16 10:23:33,29.75,63100,29.75,D
sz000021,深科技,2025-10-16 10:23:36,29.78,75500,29.75,U
sz000021,深科技,2025-10-16 10:23:39,29.79,57800,29.78,U
sz000021,深科技,2025-10-16 10:23:42,29.79,161900,29.79,U
sz000021,深科技,2025-10-16 10:23:45,29.78,314600,29.79,D
sz000021,深科技,2025-10-16 10:23:48,29.78,122200,29.78,U
sz000021,深科技,2025-10-16 10:23:51,29.78,314700,29.78,D
sz000021,深科技,2025-10-16 10:23:54,29.78,230200,29.78,U
sz000021,深科技,2025-10-16 10:23:57,29.79,146200,29.78,U
sz000021,深科技,2025-10-16 10:24:00,29.79,47100,29.79,U
sz000021,深科技,2025-10-16 10:24:03,29.79,125300,29.79,U
sz000021,深科技,2025-10-16 10:24:06,29.79,132500,29.79,D
sz000021,深科技,2025-10-16 10:24:09,29.8,171000,29.79,U
sz000021,深科技,2025-10-16 10:24:12,29.83,52600,29.8,U
sz000021,深科技,2025-10-16 10:24:15,29.84,99400,29.83,U
sz000021,深科技,2025-10-16 10:24:18,29.76,404200,29.84,D
sz000021,深科技,2025-10-16 10:24:21,29.79,148900,29.76,U
sz000021,深科技,2025-10-16 10:24:24,29.79,74500,29.79,U
sz000021,深科技,2025-10-16 10:24:27,29.76,54000,29.79,D
sz000021,深科技,2025-10-16 10:24:30,29.76,104100,29.76,D
sz000021,深科技,2025-10-16 10:24:33,29.77,56300,29.76,U
sz000021,深科技,2025-10-16 10:24:36,29.77,65400,29.77,U
sz000021,深科技,2025-10-16 10:24:39,29.78,37200,29.77,U
sz000021,深科技,2025-10-16 10:24:42,29.77,32300,29.78,D
sz000021,深科技,2025-10-16 10:24:45,29.77,63300,29.77,D
sz000021,深科技,2025-10-16 10:24:48,29.77,136700,29.77,U
sz000021,深科技,2025-10-16 10:24:51,29.78,114200,29.77,U
sz000021,深科技,2025-10-16 10:24:54,29.8,101500,29.78,U
sz000021,深科技,2025-10-16 10:24:57,29.8,181400,29.8,U
sz000021,深科技,2025-10-16 10:25:00,29.81,40000,29.8,U
sz000021,深科技,2025-10-16 10:25:03,29.82,85900,29.81,U
sz000021,深科技,2025-10-16 10:25:06,29.83,39500,29.82,U
sz000021,深科技,2025-10-16 10:25:09,29.84,147600,29.83,U
sz000021,深科技,2025-10-16 10:25:12,29.86,30588,29.84,U
sz000021,深科技,2025-10-16 10:25:15,29.76,500412,29.86,D
sz000021,深科技,2025-10-16 10:25:18,29.74,108400,29.76,E
sz000021,深科技,2025-10-16 10:25:21,29.7,82000,29.74,D
sz000021,深科技,2025-10-16 10:25:24,29.67,185400,29.7,D
sz000021,深科技,2025-10-16 10:25:27,29.66,44600,29.67,D
sz000021,深科技,2025-10-16 10:25:30,29.63,44500,29.66,D
sz000021,深科技,2025-10-16 10:25:33,29.6,64400,29.63,D
sz000021,深科技,2025-10-16 10:25:36,29.6,18800,29.6,U
sz000021,深科技,2025-10-16 10:25:39,29.63,50500,29.6,U
sz000021,深科技,2025-10-16 10:25:42,29.65,61100,29.63,U
sz000021,深科技,2025-10-16 10:25:45,29.61,83900,29.65,D
sz000021,深科技,2025-10-16 10:25:48,29.6,59100,29.61,D
sz000021,深科技,2025-10-16 10:25:51,29.6,125400,29.6,D
sz000021,深科技,2025-10-16 10:25:54,29.62,56300,29.6,U
sz000021,深科技,2025-10-16 10:25:57,29.61,19400,29.62,D
sz000021,深科技,2025-10-16 10:26:00,29.62,31100,29.61,U
sz000021,深科技,2025-10-16 10:26:03,29.65,22400,29.62,U
sz000021,深科技,2025-10-16 10:26:06,29.64,36500,29.65,D
sz000021,深科技,2025-10-16 10:26:09,29.65,24200,29.64,U
sz000021,深科技,2025-10-16 10:26:12,29.62,43000,29.65,D
sz000021,深科技,2025-10-16 10:26:15,29.68,120500,29.62,U
sz000021,深科技,2025-10-16 10:26:18,29.66,28600,29.68,E
sz000021,深科技,2025-10-16 10:26:21,29.66,18500,29.66,D
sz000021,深科技,2025-10-16 10:26:24,29.68,43100,29.66,U
sz000021,深科技,2025-10-16 10:26:27,29.67,55300,29.68,D
sz000021,深科技,2025-10-16 10:26:30,29.68,41500,29.67,U
sz000021,深科技,2025-10-16 10:26:33,29.65,43100,29.68,D
sz000021,深科技,2025-10-16 10:26:36,29.66,62600,29.65,E
sz000021,深科技,2025-10-16 10:26:39,29.67,37300,29.66,U
sz000021,深科技,2025-10-16 10:26:42,29.68,66800,29.67,U
sz000021,深科技,2025-10-16 10:26:45,29.68,9400,29.68,D
sz000021,深科技,2025-10-16 10:26:48,29.69,11800,29.68,U
sz000021,深科技,2025-10-16 10:26:51,29.69,22100,29.69,D
sz000021,深科技,2025-10-16 10:26:54,29.7,51600,29.69,U
sz000021,深科技,2025-10-16 10:26:57,29.7,51700,29.7,D
sz000021,深科技,2025-10-16 10:27:00,29.7,43500,29.7,U
sz000021,深科技,2025-10-16 10:27:03,29.71,20300,29.7,U
sz000021,深科技,2025-10-16 10:27:06,29.71,20900,29.71,D
sz000021,深科技,2025-10-16 10:27:09,29.72,33100,29.71,U
sz000021,深科技,2025-10-16 10:27:12,29.71,27200,29.72,D
sz000021,深科技,2025-10-16 10:27:15,29.75,186000,29.71,U
sz000021,深科技,2025-10-16 10:27:18,29.73,14400,29.75,D
sz000021,深科技,2025-10-16 10:27:21,29.75,86700,29.73,E
sz000021,深科技,2025-10-16 10:27:24,29.75,59300,29.75,U
sz000021,深科技,2025-10-16 10:27:27,29.76,48500,29.75,U
sz000021,深科技,2025-10-16 10:27:30,29.77,22400,29.76,U
sz000021,深科技,2025-10-16 10:27:33,29.73,55400,29.77,D
sz000021,深科技,2025-10-16 10:27:36,29.73,14500,29.73,D
sz000021,深科技,2025-10-16 10:27:39,29.74,61500,29.73,E
sz000021,深科技,2025-10-16 10:27:42,29.74,63500,29.74,D
sz000021,深科技,2025-10-16 10:27:45,29.75,58300,29.74,U
sz000021,深科技,2025-10-16 10:27:48,29.76,34400,29.75,U
sz000021,深科技,2025-10-16 10:27:51,29.76,19200,29.76,D
sz000021,深科技,2025-10-16 10:27:54,29.75,105200,29.76,D
sz000021,深科技,2025-10-16 10:27:57,29.73,89100,29.75,D
sz000021,深科技,2025-10-16 10:28:00,29.75,33500,29.73,E
sz000021,深科技,2025-10-16 10:28:03,29.7,105400,29.75,D
sz000021,深科技,2025-10-16 10:28:06,29.63,120500,29.7,D
sz000021,深科技,2025-10-16 10:28:09,29.61,10900,29.63,D
sz000021,深科技,2025-10-16 10:28:12,29.62,30000,29.61,U
sz000021,深科技,2025-10-16 10:28:15,29.62,19800,29.62,D
sz000021,深科技,2025-10-16 10:28:18,29.64,10900,29.62,U
sz000021,深科技,2025-10-16 10:28:21,29.63,14500,29.64,D
sz000021,深科技,2025-10-16 10:28:24,29.64,58800,29.63,U
sz000021,深科技,2025-10-16 10:28:27,29.63,22300,29.64,U
sz000021,深科技,2025-10-16 10:28:30,29.63,17300,29.63,U
sz000021,深科技,2025-10-16 10:28:33,29.64,61800,29.63,U
sz000021,深科技,2025-10-16 10:28:36,29.63,22700,29.64,D
sz000021,深科技,2025-10-16 10:28:39,29.64,50200,29.63,U
sz000021,深科技,2025-10-16 10:28:42,29.64,18600,29.64,U
sz000021,深科技,2025-10-16 10:28:45,29.64,31200,29.64,U
sz000021,深科技,2025-10-16 10:28:48,29.64,67300,29.64,D
sz000021,深科技,2025-10-16 10:28:51,29.64,50600,29.64,D
sz000021,深科技,2025-10-16 10:28:54,29.64,26000,29.64,U
sz000021,深科技,2025-10-16 10:28:57,29.64,36500,29.64,U
sz000021,深科技,2025-10-16 10:29:00,29.64,17200,29.64,D
sz000021,深科技,2025-10-16 10:29:03,29.64,41700,29.64,D
sz000021,深科技,2025-10-16 10:29:06,29.65,23300,29.64,U
sz000021,深科技,2025-10-16 10:29:09,29.63,39100,29.65,D
sz000021,深科技,2025-10-16 10:29:12,29.64,63900,29.63,U
sz000021,深科技,2025-10-16 10:29:15,29.63,43500,29.64,E
sz000021,深科技,2025-10-16 10:29:18,29.62,65800,29.63,D
sz000021,深科技,2025-10-16 10:29:21,29.62,264600,29.62,U
sz000021,深科技,2025-10-16 10:29:24,29.61,20600,29.62,E
sz000021,深科技,2025-10-16 10:29:27,29.59,17500,29.61,U
sz000021,深科技,2025-10-16 10:29:30,29.62,62300,29.59,U
sz000021,深科技,2025-10-16 10:29:33,29.62,30500,29.62,U
sz000021,深科技,2025-10-16 10:29:36,29.62,46700,29.62,D
sz000021,深科技,2025-10-16 10:29:39,29.61,19400,29.62,D
sz000021,深科技,2025-10-16 10:29:42,29.64,17400,29.61,U
sz000021,深科技,2025-10-16 10:29:45,29.62,7200,29.64,E
sz000021,深科技,2025-10-16 10:29:48,29.64,22500,29.62,U
sz000021,深科技,2025-10-16 10:29:51,29.62,15100,29.64,D
sz000021,深科技,2025-10-16 10:29:57,29.62,23100,29.62,D
sz000021,深科技,2025-10-16 10:30:00,29.62,38700,29.62,U
sz000021,深科技,2025-10-16 10:30:03,29.67,32900,29.62,U
sz000021,深科技,2025-10-16 10:30:06,29.67,19300,29.67,U
sz000021,深科技,2025-10-16 10:30:12,29.68,7500,29.69,U
sz000021,深科技,2025-10-16 10:30:15,29.67,34800,29.68,D
sz000021,深科技,2025-10-16 10:30:18,29.68,41800,29.67,U
sz000021,深科技,2025-10-16 10:30:21,29.68,27700,29.68,D
sz000021,深科技,2025-10-16 10:30:24,29.69,7500,29.68,U
sz000021,深科技,2025-10-16 10:30:27,29.69,47200,29.69,U
sz000021,深科技,2025-10-16 10:30:30,29.75,29600,29.69,U
sz000021,深科技,2025-10-16 10:30:33,29.74,7300,29.75,E
sz000021,深科技,2025-10-16 10:30:36,29.76,30900,29.74,U
sz000021,深科技,2025-10-16 10:30:39,29.77,28000,29.76,U
sz000021,深科技,2025-10-16 10:30:42,29.77,53000,29.77,U
sz000021,深科技,2025-10-16 10:30:45,29.77,67400,29.77,U
sz000021,深科技,2025-10-16 10:30:48,29.79,25500,29.77,U
sz000021,深科技,2025-10-16 10:30:51,29.79,18800,29.79,U
sz000021,深科技,2025-10-16 10:30:54,29.79,20500,29.79,U
sz000021,深科技,2025-10-16 10:30:57,29.79,118400,29.79,D
sz000021,深科技,2025-10-16 10:31:00,29.76,60000,29.79,D
sz000021,深科技,2025-10-16 10:31:03,29.77,35400,29.76,E
sz000021,深科技,2025-10-16 10:31:06,29.75,26900,29.77,E
sz000021,深科技,2025-10-16 10:31:09,29.74,29000,29.75,U
sz000021,深科技,2025-10-16 10:31:12,29.71,23100,29.74,D
sz000021,深科技,2025-10-16 10:31:15,29.71,31800,29.71,D
sz000021,深科技,2025-10-16 10:31:18,29.72,39300,29.71,U
sz000021,深科技,2025-10-16 10:31:21,29.71,39100,29.72,D
sz000021,深科技,2025-10-16 10:31:24,29.71,32200,29.71,U
sz000021,深科技,2025-10-16 10:31:27,29.69,31200,29.71,E
sz000021,深科技,2025-10-16 10:31:33,29.65,18400,29.65,D
sz000021,深科技,2025-10-16 10:31:36,29.65,42000,29.65,D
sz000021,深科技,2025-10-16 10:31:39,29.65,60600,29.65,U
sz000021,深科技,2025-10-16 10:31:42,29.61,15600,29.65,D
sz000021,深科技,2025-10-16 10:31:45,29.61,9100,29.61,U
sz000021,深科技,2025-10-16 10:31:48,29.61,13200,29.61,D
sz000021,深科技,2025-10-16 10:31:51,29.64,22100,29.61,U
sz000021,深科技,2025-10-16 10:31:54,29.65,60600,29.64,U
sz000021,深科技,2025-10-16 10:31:57,29.64,26700,29.65,D
sz000021,深科技,2025-10-16 10:32:00,29.62,24200,29.64,D
sz000021,深科技,2025-10-16 10:32:03,29.63,17500,29.62,U
sz000021,深科技,2025-10-16 10:32:06,29.65,11300,29.63,U
sz000021,深科技,2025-10-16 10:32:09,29.65,17300,29.65,U
sz000021,深科技,2025-10-16 10:32:12,29.65,8200,29.65,U
sz000021,深科技,2025-10-16 10:32:15,29.67,7800,29.65,U
sz000021,深科技,2025-10-16 10:32:21,29.67,14700,29.67,U
sz000021,深科技,2025-10-16 10:32:24,29.65,40498,29.67,D
sz000021,深科技,2025-10-16 10:32:27,29.65,72202,29.65,D
sz000021,深科技,2025-10-16 10:32:30,29.63,25100,29.65,D
sz000021,深科技,2025-10-16 10:32:33,29.65,16800,29.63,U
sz000021,深科技,2025-10-16 10:32:36,29.64,32300,29.65,E
sz000021,深科技,2025-10-16 10:32:39,29.65,34398,29.64,U
sz000021,深科技,2025-10-16 10:32:45,29.65,12700,29.65,D
sz000021,深科技,2025-10-16 10:32:48,29.66,9900,29.65,U
sz000021,深科技,2025-10-16 10:32:51,29.64,37302,29.66,D
sz000021,深科技,2025-10-16 10:32:54,29.65,51000,29.64,U
sz000021,深科技,2025-10-16 10:32:57,29.65,21000,29.65,U
sz000021,深科技,2025-10-16 10:33:00,29.65,17100,29.65,U
sz000021,深科技,2025-10-16 10:33:03,29.65,55700,29.65,D
sz000021,深科技,2025-10-16 10:33:06,29.65,12400,29.65,U
sz000021,深科技,2025-10-16 10:33:09,29.65,12000,29.65,D
sz000021,深科技,2025-10-16 10:33:18,29.64,172400,29.64,U
sz000021,深科技,2025-10-16 10:33:21,29.64,40800,29.64,U
sz000021,深科技,2025-10-16 10:33:27,29.63,35400,29.63,D
sz000021,深科技,2025-10-16 10:33:30,29.62,14200,29.63,U
sz000021,深科技,2025-10-16 10:33:33,29.61,10300,29.62,D
sz000021,深科技,2025-10-16 10:33:36,29.61,9200,29.61,D
sz000021,深科技,2025-10-16 10:33:39,29.6,34900,29.61,D
sz000021,深科技,2025-10-16 10:33:42,29.58,39800,29.6,D
sz000021,深科技,2025-10-16 10:33:45,29.57,15700,29.58,D
sz000021,深科技,2025-10-16 10:33:48,29.52,46700,29.57,D
sz000021,深科技,2025-10-16 10:33:54,29.51,10200,29.52,D
sz000021,深科技,2025-10-16 10:33:57,29.53,35000,29.51,U
sz000021,深科技,2025-10-16 10:34:00,29.53,26500,29.53,U
sz000021,深科技,2025-10-16 10:34:03,29.55,14700,29.53,U
sz000021,深科技,2025-10-16 10:34:06,29.54,42400,29.55,D
sz000021,深科技,2025-10-16 10:34:09,29.54,23800,29.54,D
sz000021,深科技,2025-10-16 10:34:12,29.53,19300,29.54,D
sz000021,深科技,2025-10-16 10:34:15,29.52,43200,29.53,D
sz000021,深科技,2025-10-16 10:34:18,29.53,62400,29.52,U
sz000021,深科技,2025-10-16 10:34:21,29.5,47600,29.53,D
sz000021,深科技,2025-10-16 10:34:24,29.51,37000,29.5,U
sz000021,深科技,2025-10-16 10:34:27,29.5,40600,29.51,D
sz000021,深科技,2025-10-16 10:34:30,29.5,24300,29.5,D
sz000021,深科技,2025-10-16 10:34:33,29.51,24000,29.5,U
sz000021,深科技,2025-10-16 10:34:39,29.5,12900,29.52,D
sz000021,深科技,2025-10-16 10:34:42,29.51,17900,29.5,U
sz000021,深科技,2025-10-16 10:34:45,29.51,68100,29.51,U
sz000021,深科技,2025-10-16 10:34:48,29.5,45000,29.51,U
sz000021,深科技,2025-10-16 10:34:51,29.5,32000,29.5,U
sz000021,深科技,2025-10-16 10:34:54,29.5,24500,29.5,U
sz000021,深科技,2025-10-16 10:34:57,29.49,8800,29.5,E
sz000021,深科技,2025-10-16 10:35:00,29.49,10500,29.49,D
sz000021,深科技,2025-10-16 10:35:03,29.54,77000,29.49,U
sz000021,深科技,2025-10-16 10:35:06,29.54,11500,29.54,U
sz000021,深科技,2025-10-16 10:35:09,29.53,13300,29.54,E
sz000021,深科技,2025-10-16 10:35:12,29.55,16100,29.53,U
sz000021,深科技,2025-10-16 10:35:15,29.56,177600,29.55,U
sz000021,深科技,2025-10-16 10:35:21,29.56,18900,29.57,D
sz000021,深科技,2025-10-16 10:35:24,29.55,27000,29.56,D
sz000021,深科技,2025-10-16 10:35:27,29.55,28300,29.55,D
sz000021,深科技,2025-10-16 10:35:30,29.55,57400,29.55,D
sz000021,深科技,2025-10-16 10:35:33,29.55,30000,29.55,U
sz000021,深科技,2025-10-16 10:35:36,29.54,18600,29.55,D
sz000021,深科技,2025-10-16 10:35:39,29.54,12200,29.54,D
sz000021,深科技,2025-10-16 10:35:42,29.53,55900,29.54,D
sz000021,深科技,2025-10-16 10:35:48,29.54,59700,29.53,U
sz000021,深科技,2025-10-16 10:35:51,29.55,6900,29.54,U
sz000021,深科技,2025-10-16 10:35:54,29.55,12500,29.55,D
sz000021,深科技,2025-10-16 10:35:57,29.55,19300,29.55,U
sz000021,深科技,2025-10-16 10:36:00,29.62,82500,29.55,U
sz000021,深科技,2025-10-16 10:36:03,29.78,518300,29.62,U
sz000021,深科技,2025-10-16 10:36:06,29.77,48800,29.78,D
sz000021,深科技,2025-10-16 10:36:09,29.86,580400,29.77,U
sz000021,深科技,2025-10-16 10:36:12,29.89,97300,29.86,U
sz000021,深科技,2025-10-16 10:36:15,29.9,280000,29.89,U
sz000021,深科技,2025-10-16 10:36:18,29.91,54600,29.9,U
sz000021,深科技,2025-10-16 10:36:21,29.91,56200,29.91,U
sz000021,深科技,2025-10-16 10:36:24,29.91,112900,29.91,D
sz000021,深科技,2025-10-16 10:36:27,29.94,195200,29.91,U
sz000021,深科技,2025-10-16 10:36:30,29.93,190400,29.94,D
sz000021,深科技,2025-10-16 10:36:33,29.92,148200,29.93,D
sz000021,深科技,2025-10-16 10:36:36,29.89,122000,29.92,D
sz000021,深科技,2025-10-16 10:36:39,29.89,44400,29.89,D
sz000021,深科技,2025-10-16 10:36:42,29.88,121000,29.89,U
sz000021,深科技,2025-10-16 10:36:45,29.87,82400,29.88,D
sz000021,深科技,2025-10-16 10:36:48,29.81,26800,29.87,D
sz000021,深科技,2025-10-16 10:36:51,29.85,38800,29.81,U
sz000021,深科技,2025-10-16 10:36:54,29.88,50700,29.85,U
sz000021,深科技,2025-10-16 10:36:57,29.86,65100,29.88,D
sz000021,深科技,2025-10-16 10:37:00,29.87,86400,29.86,E
sz000021,深科技,2025-10-16 10:37:03,29.88,67200,29.87,U
sz000021,深科技,2025-10-16 10:37:06,29.88,256200,29.88,U
sz000021,深科技,2025-10-16 10:37:09,29.88,60300,29.88,D
sz000021,深科技,2025-10-16 10:37:12,29.88,266200,29.88,D
sz000021,深科技,2025-10-16 10:37:15,29.85,147000,29.88,U
sz000021,深科技,2025-10-16 10:37:18,29.85,68100,29.85,U
sz000021,深科技,2025-10-16 10:37:21,29.83,52100,29.85,E
sz000021,深科技,2025-10-16 10:37:24,29.79,47800,29.83,D
sz000021,深科技,2025-10-16 10:37:27,29.76,52400,29.79,D
sz000021,深科技,2025-10-16 10:37:30,29.8,36400,29.76,U
sz000021,深科技,2025-10-16 10:37:33,29.78,10400,29.8,E
sz000021,深科技,2025-10-16 10:37:36,29.79,21200,29.78,U
sz000021,深科技,2025-10-16 10:37:39,29.79,46100,29.79,U
sz000021,深科技,2025-10-16 10:37:42,29.78,52100,29.79,D
sz000021,深科技,2025-10-16 10:37:45,29.8,43800,29.78,U
sz000021,深科技,2025-10-16 10:37:48,29.79,52300,29.8,D
sz000021,深科技,2025-10-16 10:37:51,29.78,38000,29.79,D
sz000021,深科技,2025-10-16 10:37:54,29.8,42500,29.78,U
sz000021,深科技,2025-10-16 10:37:57,29.81,42700,29.8,U
sz000021,深科技,2025-10-16 10:38:00,29.82,18200,29.81,U
sz000021,深科技,2025-10-16 10:38:03,29.84,36100,29.82,U
sz000021,深科技,2025-10-16 10:38:06,29.88,22500,29.84,U
sz000021,深科技,2025-10-16 10:38:09,29.86,72800,29.88,E
sz000021,深科技,2025-10-16 10:38:12,29.9,28800,29.86,U
sz000021,深科技,2025-10-16 10:38:15,29.92,71500,29.9,U
sz000021,深科技,2025-10-16 10:38:18,29.92,47900,29.92,U
sz000021,深科技,2025-10-16 10:38:21,29.9,537500,29.92,D
sz000021,深科技,2025-10-16 10:38:24,29.9,150800,29.9,U
sz000021,深科技,2025-10-16 10:38:27,29.88,52500,29.9,E
sz000021,深科技,2025-10-16 10:38:30,29.82,107900,29.88,D
sz000021,深科技,2025-10-16 10:38:33,29.83,107300,29.82,U
sz000021,深科技,2025-10-16 10:38:36,29.8,71900,29.83,E
sz000021,深科技,2025-10-16 10:38:39,29.79,124600,29.8,E
sz000021,深科技,2025-10-16 10:38:42,29.76,47700,29.79,E
sz000021,深科技,2025-10-16 10:38:45,29.75,23900,29.76,E
sz000021,深科技,2025-10-16 10:38:48,29.74,56600,29.75,E
sz000021,深科技,2025-10-16 10:38:51,29.75,53100,29.74,U
sz000021,深科技,2025-10-16 10:38:54,29.77,16900,29.75,D
sz000021,深科技,2025-10-16 10:38:57,29.79,52300,29.77,U
sz000021,深科技,2025-10-16 10:39:00,29.73,190600,29.79,D
sz000021,深科技,2025-10-16 10:39:03,29.77,32400,29.73,U
sz000021,深科技,2025-10-16 10:39:06,29.77,42100,29.77,U
sz000021,深科技,2025-10-16 10:39:09,29.8,32500,29.77,U
sz000021,深科技,2025-10-16 10:39:12,29.78,35600,29.8,E
sz000021,深科技,2025-10-16 10:39:15,29.76,55200,29.78,D
sz000021,深科技,2025-10-16 10:39:18,29.76,37600,29.76,U
sz000021,深科技,2025-10-16 10:39:21,29.78,16300,29.76,U
sz000021,深科技,2025-10-16 10:39:24,29.78,14600,29.78,U
sz000021,深科技,2025-10-16 10:39:27,29.8,41500,29.78,U
sz000021,深科技,2025-10-16 10:39:30,29.81,40300,29.8,U
sz000021,深科技,2025-10-16 10:39:33,29.81,57300,29.81,U
sz000021,深科技,2025-10-16 10:39:36,29.82,30500,29.81,U
sz000021,深科技,2025-10-16 10:39:39,29.84,10400,29.82,E
sz000021,深科技,2025-10-16 10:39:42,29.82,32700,29.84,D
sz000021,深科技,2025-10-16 10:39:45,29.8,81700,29.82,D
sz000021,深科技,2025-10-16 10:39:48,29.8,56400,29.8,D
sz000021,深科技,2025-10-16 10:39:51,29.82,90700,29.8,U
sz000021,深科技,2025-10-16 10:39:54,29.82,80700,29.82,D
sz000021,深科技,2025-10-16 10:39:57,29.82,38000,29.82,U
sz000021,深科技,2025-10-16 10:40:00,29.85,121800,29.82,U
sz000021,深科技,2025-10-16 10:40:03,29.86,57500,29.85,U
sz000021,深科技,2025-10-16 10:40:06,29.86,44600,29.86,D
sz000021,深科技,2025-10-16 10:40:09,29.87,51000,29.86,U
sz000021,深科技,2025-10-16 10:40:12,29.88,58400,29.87,U
sz000021,深科技,2025-10-16 10:40:15,29.89,20000,29.88,U
sz000021,深科技,2025-10-16 10:40:18,29.95,230500,29.89,U
sz000021,深科技,2025-10-16 10:40:21,29.94,31500,29.95,U
sz000021,深科技,2025-10-16 10:40:24,29.91,74800,29.94,D
sz000021,深科技,2025-10-16 10:40:27,29.96,336100,29.91,U
sz000021,深科技,2025-10-16 10:40:30,29.94,59700,29.96,U
sz000021,深科技,2025-10-16 10:40:33,29.96,93700,29.94,U
sz000021,深科技,2025-10-16 10:40:36,29.97,137100,29.96,U
sz000021,深科技,2025-10-16 10:40:39,29.97,142000,29.97,D
sz000021,深科技,2025-10-16 10:40:42,29.98,176500,29.97,U
sz000021,深科技,2025-10-16 10:40:45,29.98,145600,29.98,U
sz000021,深科技,2025-10-16 10:40:48,29.98,107800,29.98,U
sz000021,深科技,2025-10-16 10:40:51,29.98,104300,29.98,D
sz000021,深科技,2025-10-16 10:40:54,29.98,161700,29.98,D
sz000021,深科技,2025-10-16 10:40:57,29.98,231800,29.98,D
sz000021,深科技,2025-10-16 10:41:00,29.97,146900,29.98,E
sz000021,深科技,2025-10-16 10:41:03,29.92,136300,29.97,D
sz000021,深科技,2025-10-16 10:41:06,29.92,42300,29.92,U
sz000021,深科技,2025-10-16 10:41:09,29.92,69600,29.92,U
sz000021,深科技,2025-10-16 10:41:12,29.91,60100,29.92,E
sz000021,深科技,2025-10-16 10:41:15,29.92,31300,29.91,U
sz000021,深科技,2025-10-16 10:41:18,29.92,39100,29.92,U
sz000021,深科技,2025-10-16 10:41:21,29.92,32800,29.92,D
sz000021,深科技,2025-10-16 10:41:24,29.91,41000,29.92,D
sz000021,深科技,2025-10-16 10:41:27,29.92,35500,29.91,U
sz000021,深科技,2025-10-16 10:41:30,29.92,116700,29.92,U
sz000021,深科技,2025-10-16 10:41:33,29.93,58700,29.92,U
sz000021,深科技,2025-10-16 10:41:36,29.92,30900,29.93,D
sz000021,深科技,2025-10-16 10:41:39,29.92,34500,29.92,U
sz000021,深科技,2025-10-16 10:41:42,29.93,56500,29.92,U
sz000021,深科技,2025-10-16 10:41:45,29.95,36400,29.93,U
sz000021,深科技,2025-10-16 10:41:48,29.96,32900,29.95,U
sz000021,深科技,2025-10-16 10:41:51,29.96,79850,29.96,U
sz000021,深科技,2025-10-16 10:41:54,29.98,79179,29.96,U
sz000021,深科技,2025-10-16 10:41:57,29.9,440121,29.98,D
sz000021,深科技,2025-10-16 10:42:00,29.89,180900,29.9,E
sz000021,深科技,2025-10-16 10:42:03,29.87,138900,29.89,E
sz000021,深科技,2025-10-16 10:42:06,29.88,71600,29.87,U
sz000021,深科技,2025-10-16 10:42:09,29.89,21900,29.88,U
sz000021,深科技,2025-10-16 10:42:12,29.92,18800,29.89,U
sz000021,深科技,2025-10-16 10:42:15,29.94,11000,29.92,E
sz000021,深科技,2025-10-16 10:42:18,29.93,28800,29.94,D
sz000021,深科技,2025-10-16 10:42:21,29.92,103700,29.93,D
sz000021,深科技,2025-10-16 10:42:24,29.92,330400,29.92,U
sz000021,深科技,2025-10-16 10:42:27,29.95,136400,29.92,U
sz000021,深科技,2025-10-16 10:42:30,29.9,141800,29.95,D
sz000021,深科技,2025-10-16 10:42:33,29.87,152900,29.9,D
sz000021,深科技,2025-10-16 10:42:36,29.9,59400,29.87,U
sz000021,深科技,2025-10-16 10:42:39,29.87,50200,29.9,D
sz000021,深科技,2025-10-16 10:42:42,29.9,180700,29.87,U
sz000021,深科技,2025-10-16 10:42:45,29.87,27700,29.9,E
sz000021,深科技,2025-10-16 10:42:48,29.87,81600,29.87,D
sz000021,深科技,2025-10-16 10:42:51,29.85,65400,29.87,E
sz000021,深科技,2025-10-16 10:42:54,29.81,42200,29.85,D
sz000021,深科技,2025-10-16 10:42:57,29.81,14700,29.81,D
sz000021,深科技,2025-10-16 10:43:00,29.82,13700,29.81,U
sz000021,深科技,2025-10-16 10:43:03,29.83,92300,29.82,U
sz000021,深科技,2025-10-16 10:43:06,29.85,17200,29.83,U
sz000021,深科技,2025-10-16 10:43:09,29.84,37900,29.85,D
sz000021,深科技,2025-10-16 10:43:12,29.88,39900,29.84,U
sz000021,深科技,2025-10-16 10:43:15,29.89,20000,29.88,U
sz000021,深科技,2025-10-16 10:43:18,29.87,34800,29.89,D
sz000021,深科技,2025-10-16 10:43:21,29.88,42600,29.87,U
sz000021,深科技,2025-10-16 10:43:24,29.89,23900,29.88,U
sz000021,深科技,2025-10-16 10:43:27,29.89,106400,29.89,D
sz000021,深科技,2025-10-16 10:43:30,29.89,99700,29.89,U
sz000021,深科技,2025-10-16 10:43:33,29.89,50100,29.89,D
sz000021,深科技,2025-10-16 10:43:36,29.87,66900,29.89,D
sz000021,深科技,2025-10-16 10:43:39,29.86,208300,29.87,D
sz000021,深科技,2025-10-16 10:43:42,29.86,17500,29.86,U
sz000021,深科技,2025-10-16 10:43:45,29.86,34600,29.86,U
sz000021,深科技,2025-10-16 10:43:48,29.86,36700,29.86,D
sz000021,深科技,2025-10-16 10:43:51,29.86,27500,29.86,U
sz000021,深科技,2025-10-16 10:43:54,29.83,53100,29.86,D
sz000021,深科技,2025-10-16 10:43:57,29.85,63300,29.83,U
sz000021,深科技,2025-10-16 10:44:00,29.83,59900,29.85,E
sz000021,深科技,2025-10-16 10:44:03,29.84,24800,29.83,U
sz000021,深科技,2025-10-16 10:44:06,29.87,17900,29.84,U
sz000021,深科技,2025-10-16 10:44:12,29.84,23500,29.84,D
sz000021,深科技,2025-10-16 10:44:15,29.83,92800,29.84,D
sz000021,深科技,2025-10-16 10:44:18,29.83,20100,29.83,D
sz000021,深科技,2025-10-16 10:44:21,29.83,14500,29.83,D
sz000021,深科技,2025-10-16 10:44:24,29.83,34000,29.83,D
sz000021,深科技,2025-10-16 10:44:27,29.83,18200,29.83,U
sz000021,深科技,2025-10-16 10:44:30,29.85,8500,29.83,E
sz000021,深科技,2025-10-16 10:44:33,29.85,12800,29.85,D
sz000021,深科技,2025-10-16 10:44:36,29.87,28900,29.85,U
sz000021,深科技,2025-10-16 10:44:39,29.86,13700,29.87,D
sz000021,深科技,2025-10-16 10:44:42,29.87,22100,29.86,U
sz000021,深科技,2025-10-16 10:44:45,29.87,78100,29.87,U
sz000021,深科技,2025-10-16 10:44:48,29.88,21600,29.87,U
sz000021,深科技,2025-10-16 10:44:51,29.83,347500,29.88,D
sz000021,深科技,2025-10-16 10:44:54,29.84,45300,29.83,U
sz000021,深科技,2025-10-16 10:44:57,29.83,7600,29.84,D
sz000021,深科技,2025-10-16 10:45:00,29.85,12800,29.83,U
sz000021,深科技,2025-10-16 10:45:03,29.8,315500,29.85,D
sz000021,深科技,2025-10-16 10:45:06,29.8,16100,29.8,U
sz000021,深科技,2025-10-16 10:45:09,29.8,12800,29.8,D
sz000021,深科技,2025-10-16 10:45:12,29.78,19200,29.8,D
sz000021,深科技,2025-10-16 10:45:15,29.8,16900,29.78,U
sz000021,深科技,2025-10-16 10:45:18,29.79,8500,29.8,D
sz000021,深科技,2025-10-16 10:45:21,29.78,10100,29.79,D
sz000021,深科技,2025-10-16 10:45:24,29.77,15700,29.78,U
sz000021,深科技,2025-10-16 10:45:27,29.75,32900,29.77,D
sz000021,深科技,2025-10-16 10:45:30,29.76,16300,29.75,U
sz000021,深科技,2025-10-16 10:45:36,29.76,119300,29.76,U
sz000021,深科技,2025-10-16 10:45:39,29.79,10800,29.76,U
sz000021,深科技,2025-10-16 10:45:42,29.8,9400,29.79,U
sz000021,深科技,2025-10-16 10:45:45,29.81,9000,29.8,U
sz000021,深科技,2025-10-16 10:45:48,29.82,20400,29.81,U
sz000021,深科技,2025-10-16 10:45:51,29.8,34500,29.82,D
sz000021,深科技,2025-10-16 10:45:54,29.8,19200,29.8,U
sz000021,深科技,2025-10-16 10:45:57,29.81,43400,29.8,U
sz000021,深科技,2025-10-16 10:46:00,29.81,25400,29.81,E
sz000021,深科技,2025-10-16 10:46:03,29.85,98100,29.81,U
sz000021,深科技,2025-10-16 10:46:06,29.87,13000,29.85,U
sz000021,深科技,2025-10-16 10:46:09,29.87,36300,29.87,U
sz000021,深科技,2025-10-16 10:46:12,29.88,16400,29.87,U
sz000021,深科技,2025-10-16 10:46:15,29.89,23500,29.88,U
sz000021,深科技,2025-10-16 10:46:18,29.9,47600,29.89,U
sz000021,深科技,2025-10-16 10:46:21,29.92,44600,29.9,U
sz000021,深科技,2025-10-16 10:46:24,29.95,165800,29.92,U
sz000021,深科技,2025-10-16 10:46:27,29.99,240000,29.95,U
sz000021,深科技,2025-10-16 10:46:30,29.99,73900,29.99,U
sz000021,深科技,2025-10-16 10:46:33,29.99,83400,29.99,U
sz000021,深科技,2025-10-16 10:46:36,29.99,109700,29.99,U
sz000021,深科技,2025-10-16 10:46:39,30.0,140500,29.99,U
sz000021,深科技,2025-10-16 10:46:42,30.0,196300,30.0,U
sz000021,深科技,2025-10-16 10:46:45,29.99,102800,30.0,U
sz000021,深科技,2025-10-16 10:46:48,29.99,104000,29.99,U
sz000021,深科技,2025-10-16 10:46:51,30.0,70300,29.99,U
sz000021,深科技,2025-10-16 10:46:54,29.99,115400,30.0,D
sz000021,深科技,2025-10-16 10:46:57,29.98,51400,29.99,E
sz000021,深科技,2025-10-16 10:47:00,29.96,57700,29.98,D
sz000021,深科技,2025-10-16 10:47:03,29.96,65900,29.96,D
sz000021,深科技,2025-10-16 10:47:06,29.94,54000,29.96,D
sz000021,深科技,2025-10-16 10:47:09,29.93,32300,29.94,D
sz000021,深科技,2025-10-16 10:47:12,29.93,45100,29.93,D
sz000021,深科技,2025-10-16 10:47:15,29.94,60400,29.93,U
sz000021,深科技,2025-10-16 10:47:18,29.97,91700,29.94,U
sz000021,深科技,2025-10-16 10:47:21,29.95,75500,29.97,D
sz000021,深科技,2025-10-16 10:47:24,29.97,39800,29.95,U
sz000021,深科技,2025-10-16 10:47:27,29.98,30100,29.97,E
sz000021,深科技,2025-10-16 10:47:30,29.96,43700,29.98,D
sz000021,深科技,2025-10-16 10:47:33,29.98,76500,29.96,U
sz000021,深科技,2025-10-16 10:47:36,29.99,36300,29.98,D
sz000021,深科技,2025-10-16 10:47:39,29.95,219600,29.99,D
sz000021,深科技,2025-10-16 10:47:42,29.96,131900,29.95,U
sz000021,深科技,2025-10-16 10:47:45,29.96,109200,29.96,U
sz000021,深科技,2025-10-16 10:47:48,29.96,27500,29.96,U
sz000021,深科技,2025-10-16 10:47:51,29.96,13600,29.96,D
sz000021,深科技,2025-10-16 10:47:54,29.97,28600,29.96,U
sz000021,深科技,2025-10-16 10:47:57,29.95,68300,29.97,D
sz000021,深科技,2025-10-16 10:48:00,29.95,44800,29.95,U
sz000021,深科技,2025-10-16 10:48:03,29.95,54100,29.95,D
sz000021,深科技,2025-10-16 10:48:06,29.95,30100,29.95,D
sz000021,深科技,2025-10-16 10:48:09,29.96,14500,29.95,U
sz000021,深科技,2025-10-16 10:48:12,29.99,103800,29.96,U
sz000021,深科技,2025-10-16 10:48:15,29.99,68000,29.99,U
sz000021,深科技,2025-10-16 10:48:18,29.99,79400,29.99,U
sz000021,深科技,2025-10-16 10:48:21,29.99,79700,29.99,U
sz000021,深科技,2025-10-16 10:48:24,30.08,718431,29.99,U
sz000021,深科技,2025-10-16 10:48:27,30.11,166600,30.08,U
sz000021,深科技,2025-10-16 10:48:30,30.12,197400,30.11,U
sz000021,深科技,2025-10-16 10:48:33,30.15,204300,30.12,U
sz000021,深科技,2025-10-16 10:48:36,30.14,158500,30.15,D
sz000021,深科技,2025-10-16 10:48:39,30.15,319600,30.14,U
sz000021,深科技,2025-10-16 10:48:42,30.14,183700,30.15,D
sz000021,深科技,2025-10-16 10:48:45,30.15,430900,30.14,U
sz000021,深科技,2025-10-16 10:48:48,30.15,557100,30.15,D
sz000021,深科技,2025-10-16 10:48:51,30.17,110400,30.15,E
sz000021,深科技,2025-10-16 10:48:54,30.24,43000,30.17,U
sz000021,深科技,2025-10-16 10:48:57,30.25,145200,30.24,U
sz000021,深科技,2025-10-16 10:49:00,30.27,222500,30.25,U
sz000021,深科技,2025-10-16 10:49:03,30.29,143500,30.27,U
sz000021,深科技,2025-10-16 10:49:06,30.3,220200,30.29,U
sz000021,深科技,2025-10-16 10:49:09,30.29,208400,30.3,E
sz000021,深科技,2025-10-16 10:49:12,30.3,139400,30.29,U
sz000021,深科技,2025-10-16 10:49:15,30.32,149700,30.3,U
sz000021,深科技,2025-10-16 10:49:18,30.34,66900,30.32,U
sz000021,深科技,2025-10-16 10:49:21,30.34,99800,30.34,D
sz000021,深科技,2025-10-16 10:49:24,30.37,103800,30.34,U
sz000021,深科技,2025-10-16 10:49:27,30.38,192500,30.37,U
sz000021,深科技,2025-10-16 10:49:30,30.38,103500,30.38,U
sz000021,深科技,2025-10-16 10:49:33,30.39,193700,30.38,U
sz000021,深科技,2025-10-16 10:49:36,30.38,313200,30.39,D
sz000021,深科技,2025-10-16 10:49:39,30.36,359300,30.38,D
sz000021,深科技,2025-10-16 10:49:42,30.33,147400,30.36,D
sz000021,深科技,2025-10-16 10:49:45,30.33,216500,30.33,U
sz000021,深科技,2025-10-16 10:49:48,30.32,106600,30.33,D
sz000021,深科技,2025-10-16 10:49:51,30.29,105200,30.32,D
sz000021,深科技,2025-10-16 10:49:54,30.32,68900,30.29,U
sz000021,深科技,2025-10-16 10:49:57,30.3,96200,30.32,D
sz000021,深科技,2025-10-16 10:50:00,30.29,113600,30.3,E
sz000021,深科技,2025-10-16 10:50:03,30.3,110600,30.29,U
sz000021,深科技,2025-10-16 10:50:06,30.3,78600,30.3,E
sz000021,深科技,2025-10-16 10:50:09,30.3,144095,30.3,D
sz000021,深科技,2025-10-16 10:50:12,30.28,101305,30.3,D
sz000021,深科技,2025-10-16 10:50:15,30.23,54500,30.28,D
sz000021,深科技,2025-10-16 10:50:18,30.21,71100,30.23,D
sz000021,深科技,2025-10-16 10:50:21,30.2,46200,30.21,D
sz000021,深科技,2025-10-16 10:50:24,30.17,82000,30.2,D
sz000021,深科技,2025-10-16 10:50:27,30.16,22300,30.17,E
sz000021,深科技,2025-10-16 10:50:30,30.16,63900,30.16,D
sz000021,深科技,2025-10-16 10:50:33,30.1,48300,30.16,D
sz000021,深科技,2025-10-16 10:50:36,30.09,38300,30.1,D
sz000021,深科技,2025-10-16 10:50:39,30.15,71000,30.09,U
sz000021,深科技,2025-10-16 10:50:42,30.15,49900,30.15,U
sz000021,深科技,2025-10-16 10:50:45,30.11,87200,30.15,D
sz000021,深科技,2025-10-16 10:50:48,30.15,117200,30.11,U
sz000021,深科技,2025-10-16 10:50:51,30.15,46500,30.15,D
sz000021,深科技,2025-10-16 10:50:54,30.16,64400,30.15,U
sz000021,深科技,2025-10-16 10:50:57,30.15,110400,30.16,D
sz000021,深科技,2025-10-16 10:51:00,30.12,82700,30.15,D
sz000021,深科技,2025-10-16 10:51:03,30.13,52100,30.12,E
sz000021,深科技,2025-10-16 10:51:06,30.15,56300,30.13,U
sz000021,深科技,2025-10-16 10:51:09,30.15,67900,30.15,D
sz000021,深科技,2025-10-16 10:51:12,30.16,25400,30.15,U
sz000021,深科技,2025-10-16 10:51:15,30.16,35700,30.16,D
sz000021,深科技,2025-10-16 10:51:18,30.18,91300,30.16,U
sz000021,深科技,2025-10-16 10:51:21,30.19,51800,30.18,U
sz000021,深科技,2025-10-16 10:51:24,30.2,49800,30.19,U
sz000021,深科技,2025-10-16 10:51:27,30.2,214200,30.2,D
sz000021,深科技,2025-10-16 10:51:30,30.23,104200,30.2,U
sz000021,深科技,2025-10-16 10:51:33,30.22,48300,30.23,D
sz000021,深科技,2025-10-16 10:51:36,30.28,25200,30.22,U
sz000021,深科技,2025-10-16 10:51:39,30.28,24000,30.28,U
sz000021,深科技,2025-10-16 10:51:42,30.29,82500,30.28,U
sz000021,深科技,2025-10-16 10:51:45,30.26,290400,30.29,U
sz000021,深科技,2025-10-16 10:51:48,30.23,105400,30.26,D
sz000021,深科技,2025-10-16 10:51:51,30.23,156600,30.23,U
sz000021,深科技,2025-10-16 10:51:54,30.23,37800,30.23,D
sz000021,深科技,2025-10-16 10:51:57,30.25,38100,30.23,U
sz000021,深科技,2025-10-16 10:52:00,30.26,59300,30.25,U
sz000021,深科技,2025-10-16 10:52:03,30.27,60000,30.26,U
sz000021,深科技,2025-10-16 10:52:06,30.3,90400,30.27,U
sz000021,深科技,2025-10-16 10:52:09,30.32,51100,30.3,U
sz000021,深科技,2025-10-16 10:52:12,30.5,968600,30.32,U
sz000021,深科技,2025-10-16 10:52:15,30.5,96700,30.5,U
sz000021,深科技,2025-10-16 10:52:18,30.52,250103,30.5,U
sz000021,深科技,2025-10-16 10:52:21,30.56,152521,30.52,E
sz000021,深科技,2025-10-16 10:52:24,30.64,89000,30.56,U
sz000021,深科技,2025-10-16 10:52:27,30.64,135100,30.64,U
sz000021,深科技,2025-10-16 10:52:30,30.64,459500,30.64,D
sz000021,深科技,2025-10-16 10:52:33,30.64,317400,30.64,U
sz000021,深科技,2025-10-16 10:52:36,30.64,427100,30.64,U
sz000021,深科技,2025-10-16 10:52:39,30.68,290900,30.64,U
sz000021,深科技,2025-10-16 10:52:42,30.68,121700,30.68,U
sz000021,深科技,2025-10-16 10:52:45,30.68,196500,30.68,U
sz000021,深科技,2025-10-16 10:52:48,30.68,81800,30.68,D
sz000021,深科技,2025-10-16 10:52:51,30.68,331000,30.68,D
sz000021,深科技,2025-10-16 10:52:54,30.7,212200,30.68,E
sz000021,深科技,2025-10-16 10:52:57,30.69,264400,30.7,D
sz000021,深科技,2025-10-16 10:53:00,30.67,286300,30.69,D
sz000021,深科技,2025-10-16 10:53:03,30.67,178300,30.67,U
sz000021,深科技,2025-10-16 10:53:06,30.58,152900,30.67,D
sz000021,深科技,2025-10-16 10:53:09,30.55,72900,30.58,D
sz000021,深科技,2025-10-16 10:53:12,30.52,65300,30.55,D
sz000021,深科技,2025-10-16 10:53:15,30.58,131400,30.52,U
sz000021,深科技,2025-10-16 10:53:18,30.58,87500,30.58,U
sz000021,深科技,2025-10-16 10:53:21,30.58,114600,30.58,U
sz000021,深科技,2025-10-16 10:53:24,30.58,87400,30.58,U
sz000021,深科技,2025-10-16 10:53:27,30.65,92600,30.58,U
sz000021,深科技,2025-10-16 10:53:30,30.61,61200,30.65,D
sz000021,深科技,2025-10-16 10:53:33,30.61,222200,30.61,D
sz000021,深科技,2025-10-16 10:53:36,30.61,165800,30.61,U
sz000021,深科技,2025-10-16 10:53:39,30.62,79000,30.61,U
sz000021,深科技,2025-10-16 10:53:42,30.62,168600,30.62,U
sz000021,深科技,2025-10-16 10:53:45,30.6,144700,30.62,D
sz000021,深科技,2025-10-16 10:53:48,30.6,109400,30.6,U
sz000021,深科技,2025-10-16 10:53:51,30.58,136500,30.6,D
sz000021,深科技,2025-10-16 10:53:54,30.58,92400,30.58,U
sz000021,深科技,2025-10-16 10:53:57,30.56,58900,30.58,D
sz000021,深科技,2025-10-16 10:54:00,30.56,48600,30.56,E
sz000021,深科技,2025-10-16 10:54:03,30.54,35400,30.56,D
sz000021,深科技,2025-10-16 10:54:06,30.54,68500,30.54,D
sz000021,深科技,2025-10-16 10:54:09,30.51,104400,30.54,D
sz000021,深科技,2025-10-16 10:54:12,30.5,39000,30.51,D
sz000021,深科技,2025-10-16 10:54:15,30.51,59800,30.5,U
sz000021,深科技,2025-10-16 10:54:18,30.51,28500,30.51,D
sz000021,深科技,2025-10-16 10:54:21,30.52,161900,30.51,U
sz000021,深科技,2025-10-16 10:54:24,30.51,55100,30.52,E
sz000021,深科技,2025-10-16 10:54:27,30.51,66900,30.51,U
sz000021,深科技,2025-10-16 10:54:30,30.52,164500,30.51,U
sz000021,深科技,2025-10-16 10:54:33,30.52,41200,30.52,D
sz000021,深科技,2025-10-16 10:54:36,30.5,193500,30.52,D
sz000021,深科技,2025-10-16 10:54:39,30.51,88800,30.5,U
sz000021,深科技,2025-10-16 10:54:42,30.5,36400,30.51,D
sz000021,深科技,2025-10-16 10:54:45,30.49,37600,30.5,D
sz000021,深科技,2025-10-16 10:54:48,30.44,56000,30.49,D
sz000021,深科技,2025-10-16 10:54:51,30.44,107700,30.44,U
sz000021,深科技,2025-10-16 10:54:54,30.42,51400,30.44,D
sz000021,深科技,2025-10-16 10:54:57,30.43,25800,30.42,U
sz000021,深科技,2025-10-16 10:55:00,30.41,103100,30.43,D
sz000021,深科技,2025-10-16 10:55:03,30.44,51700,30.41,U
sz000021,深科技,2025-10-16 10:55:06,30.47,48600,30.44,U
sz000021,深科技,2025-10-16 10:55:09,30.48,25400,30.47,U
sz000021,深科技,2025-10-16 10:55:12,30.5,38600,30.48,U
sz000021,深科技,2025-10-16 10:55:15,30.5,49600,30.5,U
sz000021,深科技,2025-10-16 10:55:18,30.42,418200,30.5,D
sz000021,深科技,2025-10-16 10:55:21,30.48,166500,30.42,U
sz000021,深科技,2025-10-16 10:55:24,30.47,63800,30.48,E
sz000021,深科技,2025-10-16 10:55:27,30.47,25700,30.47,U
sz000021,深科技,2025-10-16 10:55:30,30.47,134200,30.47,U
sz000021,深科技,2025-10-16 10:55:33,30.48,117400,30.47,U
sz000021,深科技,2025-10-16 10:55:36,30.48,99600,30.48,D
sz000021,深科技,2025-10-16 10:55:39,30.59,135600,30.48,U
sz000021,深科技,2025-10-16 10:55:42,30.5,33800,30.59,U
sz000021,深科技,2025-10-16 10:55:45,30.52,34400,30.5,U
sz000021,深科技,2025-10-16 10:55:48,30.54,58500,30.52,U
sz000021,深科技,2025-10-16 10:55:51,30.54,295100,30.54,D
sz000021,深科技,2025-10-16 10:55:54,30.54,150200,30.54,D
sz000021,深科技,2025-10-16 10:55:57,30.56,135700,30.54,U
sz000021,深科技,2025-10-16 10:56:00,30.56,72300,30.56,U
sz000021,深科技,2025-10-16 10:56:03,30.55,86400,30.56,U
sz000021,深科技,2025-10-16 10:56:06,30.56,58700,30.55,U
sz000021,深科技,2025-10-16 10:56:09,30.56,138100,30.56,D
sz000021,深科技,2025-10-16 10:56:12,30.53,88700,30.56,D
sz000021,深科技,2025-10-16 10:56:15,30.49,25100,30.53,E
sz000021,深科技,2025-10-16 10:56:18,30.49,14600,30.49,D
sz000021,深科技,2025-10-16 10:56:21,30.48,38600,30.49,D
sz000021,深科技,2025-10-16 10:56:24,30.44,29900,30.48,D
sz000021,深科技,2025-10-16 10:56:27,30.46,31500,30.44,U
sz000021,深科技,2025-10-16 10:56:30,30.45,79000,30.46,U
sz000021,深科技,2025-10-16 10:56:33,30.45,53200,30.45,D
sz000021,深科技,2025-10-16 10:56:36,30.44,58300,30.45,D
sz000021,深科技,2025-10-16 10:56:39,30.46,42200,30.44,U
sz000021,深科技,2025-10-16 10:56:42,30.46,44200,30.46,U
sz000021,深科技,2025-10-16 10:56:45,30.48,38400,30.46,U
sz000021,深科技,2025-10-16 10:56:48,30.47,26800,30.48,E
sz000021,深科技,2025-10-16 10:56:51,30.49,134200,30.47,U
sz000021,深科技,2025-10-16 10:56:54,30.48,28900,30.49,D
sz000021,深科技,2025-10-16 10:56:57,30.5,44900,30.48,U
sz000021,深科技,2025-10-16 10:57:00,30.49,16300,30.5,E
sz000021,深科技,2025-10-16 10:57:03,30.52,92600,30.49,U
sz000021,深科技,2025-10-16 10:57:06,30.54,78500,30.52,U
sz000021,深科技,2025-10-16 10:57:09,30.55,31200,30.54,U
sz000021,深科技,2025-10-16 10:57:12,30.56,34400,30.55,U
sz000021,深科技,2025-10-16 10:57:15,30.58,23900,30.56,U
sz000021,深科技,2025-10-16 10:57:18,30.57,64300,30.58,D
sz000021,深科技,2025-10-16 10:57:21,30.57,46500,30.57,U
sz000021,深科技,2025-10-16 10:57:24,30.55,59300,30.57,D
sz000021,深科技,2025-10-16 10:57:27,30.56,48100,30.55,U
sz000021,深科技,2025-10-16 10:57:30,30.51,44000,30.56,D
sz000021,深科技,2025-10-16 10:57:33,30.48,216500,30.51,D
sz000021,深科技,2025-10-16 10:57:36,30.47,9500,30.48,D
sz000021,深科技,2025-10-16 10:57:39,30.48,40900,30.47,U
sz000021,深科技,2025-10-16 10:57:42,30.49,38000,30.48,U
sz000021,深科技,2025-10-16 10:57:45,30.49,18700,30.49,D
sz000021,深科技,2025-10-16 10:57:48,30.5,29900,30.49,U
sz000021,深科技,2025-10-16 10:57:51,30.5,46200,30.5,D
sz000021,深科技,2025-10-16 10:57:54,30.55,30200,30.5,U
sz000021,深科技,2025-10-16 10:57:57,30.52,27400,30.55,D
sz000021,深科技,2025-10-16 10:58:00,30.46,149400,30.52,D
sz000021,深科技,2025-10-16 10:58:03,30.41,178500,30.46,D
sz000021,深科技,2025-10-16 10:58:06,30.33,183500,30.41,D
sz000021,深科技,2025-10-16 10:58:09,30.32,69400,30.33,D
sz000021,深科技,2025-10-16 10:58:12,30.33,68700,30.32,U
sz000021,深科技,2025-10-16 10:58:15,30.32,33400,30.33,E
sz000021,深科技,2025-10-16 10:58:18,30.3,116400,30.32,D
sz000021,深科技,2025-10-16 10:58:21,30.29,56300,30.3,E
sz000021,深科技,2025-10-16 10:58:24,30.29,31300,30.29,U
sz000021,深科技,2025-10-16 10:58:27,30.25,25400,30.29,D
sz000021,深科技,2025-10-16 10:58:30,30.24,20600,30.25,D
sz000021,深科技,2025-10-16 10:58:33,30.24,22700,30.24,U
sz000021,深科技,2025-10-16 10:58:36,30.25,112100,30.24,U
sz000021,深科技,2025-10-16 10:58:39,30.29,83000,30.25,U
sz000021,深科技,2025-10-16 10:58:42,30.3,33200,30.29,U
sz000021,深科技,2025-10-16 10:58:45,30.33,23400,30.3,U
sz000021,深科技,2025-10-16 10:58:48,30.3,64600,30.33,D
sz000021,深科技,2025-10-16 10:58:51,30.27,49000,30.3,D
sz000021,深科技,2025-10-16 10:58:54,30.26,63700,30.27,D
sz000021,深科技,2025-10-16 10:58:57,30.3,33200,30.26,U
sz000021,深科技,2025-10-16 10:59:00,30.26,90700,30.3,D
sz000021,深科技,2025-10-16 10:59:03,30.28,60900,30.26,U
sz000021,深科技,2025-10-16 10:59:06,30.28,20600,30.28,D
sz000021,深科技,2025-10-16 10:59:09,30.29,21400,30.28,E
sz000021,深科技,2025-10-16 10:59:12,30.3,21000,30.29,U
sz000021,深科技,2025-10-16 10:59:15,30.3,20300,30.3,D
sz000021,深科技,2025-10-16 10:59:18,30.31,25400,30.3,U
sz000021,深科技,2025-10-16 10:59:21,30.31,7700,30.31,D
sz000021,深科技,2025-10-16 10:59:24,30.32,20900,30.31,U
sz000021,深科技,2025-10-16 10:59:27,30.33,15000,30.32,U
sz000021,深科技,2025-10-16 10:59:30,30.33,17500,30.33,U
sz000021,深科技,2025-10-16 10:59:33,30.33,24100,30.33,D
sz000021,深科技,2025-10-16 10:59:36,30.33,52700,30.33,D
sz000021,深科技,2025-10-16 10:59:39,30.32,58400,30.33,D
sz000021,深科技,2025-10-16 10:59:42,30.32,38800,30.32,U
sz000021,深科技,2025-10-16 10:59:45,30.32,28800,30.32,U
sz000021,深科技,2025-10-16 10:59:48,30.33,27600,30.32,U
sz000021,深科技,2025-10-16 10:59:54,30.34,37200,30.34,D
sz000021,深科技,2025-10-16 10:59:57,30.35,19000,30.34,U
sz000021,深科技,2025-10-16 11:00:00,30.36,18400,30.35,U
sz000021,深科技,2025-10-16 11:00:03,30.37,19300,30.36,E
sz000021,深科技,2025-10-16 11:00:06,30.35,19900,30.37,D
sz000021,深科技,2025-10-16 11:00:09,30.36,43600,30.35,U
sz000021,深科技,2025-10-16 11:00:12,30.35,29100,30.36,D
sz000021,深科技,2025-10-16 11:00:15,30.37,36000,30.35,U
sz000021,深科技,2025-10-16 11:00:18,30.37,40500,30.37,U
sz000021,深科技,2025-10-16 11:00:21,30.39,17500,30.37,U
sz000021,深科技,2025-10-16 11:00:24,30.39,18300,30.39,U
sz000021,深科技,2025-10-16 11:00:27,30.39,36900,30.39,D
sz000021,深科技,2025-10-16 11:00:30,30.39,35400,30.39,U
sz000021,深科技,2025-10-16 11:00:33,30.4,49100,30.39,E
sz000021,深科技,2025-10-16 11:00:36,30.39,30300,30.4,U
sz000021,深科技,2025-10-16 11:00:39,30.38,45600,30.39,E
sz000021,深科技,2025-10-16 11:00:42,30.37,17600,30.38,D
sz000021,深科技,2025-10-16 11:00:45,30.36,33000,30.37,D
sz000021,深科技,2025-10-16 11:00:48,30.4,72928,30.36,U
sz000021,深科技,2025-10-16 11:00:51,30.37,74072,30.4,D
sz000021,深科技,2025-10-16 11:00:54,30.36,43300,30.37,E
sz000021,深科技,2025-10-16 11:00:57,30.37,16400,30.36,U
sz000021,深科技,2025-10-16 11:01:00,30.35,130300,30.37,D
sz000021,深科技,2025-10-16 11:01:03,30.27,227700,30.35,D
sz000021,深科技,2025-10-16 11:01:06,30.27,82500,30.27,U
sz000021,深科技,2025-10-16 11:01:09,30.26,10900,30.27,E
sz000021,深科技,2025-10-16 11:01:12,30.25,93800,30.26,D
sz000021,深科技,2025-10-16 11:01:15,30.26,32700,30.25,D
sz000021,深科技,2025-10-16 11:01:18,30.23,132400,30.26,D
sz000021,深科技,2025-10-16 11:01:21,30.29,43600,30.23,U
sz000021,深科技,2025-10-16 11:01:24,30.26,22600,30.29,D
sz000021,深科技,2025-10-16 11:01:27,30.25,39500,30.26,D
sz000021,深科技,2025-10-16 11:01:30,30.25,53800,30.25,U
sz000021,深科技,2025-10-16 11:01:33,30.25,20700,30.25,U
sz000021,深科技,2025-10-16 11:01:36,30.25,25200,30.25,U
sz000021,深科技,2025-10-16 11:01:39,30.27,18700,30.25,U
sz000021,深科技,2025-10-16 11:01:42,30.28,9600,30.27,U
sz000021,深科技,2025-10-16 11:01:45,30.28,13400,30.28,U
sz000021,深科技,2025-10-16 11:01:48,30.28,39200,30.28,U
sz000021,深科技,2025-10-16 11:01:51,30.27,54972,30.28,D
sz000021,深科技,2025-10-16 11:01:54,30.28,30300,30.27,U
sz000021,深科技,2025-10-16 11:01:57,30.27,19800,30.28,D
sz000021,深科技,2025-10-16 11:02:00,30.27,47128,30.27,D
sz000021,深科技,2025-10-16 11:02:03,30.28,25000,30.27,U
sz000021,深科技,2025-10-16 11:02:06,30.28,16300,30.28,U
sz000021,深科技,2025-10-16 11:02:09,30.28,24072,30.28,U
sz000021,深科技,2025-10-16 11:02:12,30.28,11800,30.28,D
sz000021,深科技,2025-10-16 11:02:15,30.3,44400,30.28,U
sz000021,深科技,2025-10-16 11:02:18,30.31,9800,30.3,U
sz000021,深科技,2025-10-16 11:02:21,30.31,21900,30.31,U
sz000021,深科技,2025-10-16 11:02:24,30.32,10800,30.31,E
sz000021,深科技,2025-10-16 11:02:27,30.35,14700,30.32,U
sz000021,深科技,2025-10-16 11:02:30,30.34,8900,30.35,D
sz000021,深科技,2025-10-16 11:02:33,30.33,23700,30.34,D
sz000021,深科技,2025-10-16 11:02:36,30.35,61900,30.33,U
sz000021,深科技,2025-10-16 11:02:39,30.34,41200,30.35,U
sz000021,深科技,2025-10-16 11:02:42,30.34,66600,30.34,U
sz000021,深科技,2025-10-16 11:02:45,30.32,29600,30.34,D
sz000021,深科技,2025-10-16 11:02:48,30.31,18600,30.32,D
sz000021,深科技,2025-10-16 11:02:51,30.3,34200,30.31,D
sz000021,深科技,2025-10-16 11:02:54,30.31,45300,30.3,U
sz000021,深科技,2025-10-16 11:02:57,30.3,15200,30.31,D
sz000021,深科技,2025-10-16 11:03:00,30.3,24800,30.3,D
sz000021,深科技,2025-10-16 11:03:03,30.3,13400,30.3,D
sz000021,深科技,2025-10-16 11:03:06,30.32,98500,30.3,U
sz000021,深科技,2025-10-16 11:03:09,30.31,25200,30.32,D
sz000021,深科技,2025-10-16 11:03:15,30.34,54500,30.33,E
sz000021,深科技,2025-10-16 11:03:18,30.3,33800,30.34,D
sz000021,深科技,2025-10-16 11:03:21,30.31,19900,30.3,U
sz000021,深科技,2025-10-16 11:03:24,30.32,18600,30.31,U
sz000021,深科技,2025-10-16 11:03:27,30.33,114500,30.32,U
sz000021,深科技,2025-10-16 11:03:30,30.32,56900,30.33,D
sz000021,深科技,2025-10-16 11:03:33,30.34,16055,30.32,U
sz000021,深科技,2025-10-16 11:03:36,30.34,15100,30.34,U
sz000021,深科技,2025-10-16 11:03:42,30.37,33400,30.35,U
sz000021,深科技,2025-10-16 11:03:45,30.37,10100,30.37,U
sz000021,深科技,2025-10-16 11:03:48,30.38,18200,30.37,U
sz000021,深科技,2025-10-16 11:03:51,30.4,30100,30.38,U
sz000021,深科技,2025-10-16 11:03:54,30.41,20100,30.4,U
sz000021,深科技,2025-10-16 11:03:57,30.45,30900,30.41,U
sz000021,深科技,2025-10-16 11:04:00,30.46,25100,30.45,U
sz000021,深科技,2025-10-16 11:04:03,30.47,53700,30.46,U
sz000021,深科技,2025-10-16 11:04:06,30.48,49300,30.47,U
sz000021,深科技,2025-10-16 11:04:09,30.48,295000,30.48,U
sz000021,深科技,2025-10-16 11:04:12,30.44,42900,30.48,E
sz000021,深科技,2025-10-16 11:04:15,30.43,81700,30.44,E
sz000021,深科技,2025-10-16 11:04:18,30.45,28300,30.43,U
sz000021,深科技,2025-10-16 11:04:21,30.46,20200,30.45,U
sz000021,深科技,2025-10-16 11:04:24,30.46,111400,30.46,U
sz000021,深科技,2025-10-16 11:04:27,30.46,13100,30.46,D
sz000021,深科技,2025-10-16 11:04:30,30.46,24900,30.46,D
sz000021,深科技,2025-10-16 11:04:33,30.46,39500,30.46,E
sz000021,深科技,2025-10-16 11:04:36,30.48,23700,30.46,U
sz000021,深科技,2025-10-16 11:04:39,30.48,22700,30.48,U
sz000021,深科技,2025-10-16 11:04:42,30.45,28300,30.48,D
sz000021,深科技,2025-10-16 11:04:45,30.45,35100,30.45,D
sz000021,深科技,2025-10-16 11:04:48,30.48,101100,30.45,E
sz000021,深科技,2025-10-16 11:04:51,30.49,22100,30.48,E
sz000021,深科技,2025-10-16 11:04:54,30.5,18400,30.49,U
sz000021,深科技,2025-10-16 11:04:57,30.5,78100,30.5,U
sz000021,深科技,2025-10-16 11:05:00,30.51,25900,30.5,U
sz000021,深科技,2025-10-16 11:05:03,30.45,126700,30.51,D
sz000021,深科技,2025-10-16 11:05:06,30.44,114800,30.45,D
sz000021,深科技,2025-10-16 11:05:09,30.42,50400,30.44,E
sz000021,深科技,2025-10-16 11:05:12,30.4,53500,30.42,D
sz000021,深科技,2025-10-16 11:05:15,30.44,110000,30.4,U
sz000021,深科技,2025-10-16 11:05:18,30.44,14000,30.44,D
sz000021,深科技,2025-10-16 11:05:21,30.46,15500,30.44,U
sz000021,深科技,2025-10-16 11:05:24,30.46,37600,30.46,U
sz000021,深科技,2025-10-16 11:05:27,30.43,21900,30.46,D
sz000021,深科技,2025-10-16 11:05:30,30.45,33200,30.43,U
sz000021,深科技,2025-10-16 11:05:33,30.44,20800,30.45,U
sz000021,深科技,2025-10-16 11:05:36,30.42,8900,30.44,D
sz000021,深科技,2025-10-16 11:05:39,30.44,40300,30.42,U
sz000021,深科技,2025-10-16 11:05:42,30.45,38200,30.44,U
sz000021,深科技,2025-10-16 11:05:45,30.47,8200,30.45,U
sz000021,深科技,2025-10-16 11:05:48,30.45,91800,30.47,D
sz000021,深科技,2025-10-16 11:05:51,30.48,34500,30.45,U
sz000021,深科技,2025-10-16 11:05:54,30.48,29400,30.48,U
sz000021,深科技,2025-10-16 11:05:57,30.5,127800,30.48,U
sz000021,深科技,2025-10-16 11:06:00,30.56,123400,30.5,U
sz000021,深科技,2025-10-16 11:06:03,30.57,29500,30.56,E
sz000021,深科技,2025-10-16 11:06:06,30.56,53500,30.57,D
sz000021,深科技,2025-10-16 11:06:09,30.57,60700,30.56,U
sz000021,深科技,2025-10-16 11:06:12,30.56,35300,30.57,E
sz000021,深科技,2025-10-16 11:06:15,30.58,92400,30.56,U
sz000021,深科技,2025-10-16 11:06:18,30.58,39200,30.58,U
sz000021,深科技,2025-10-16 11:06:21,30.6,191145,30.58,U
sz000021,深科技,2025-10-16 11:06:24,30.59,75800,30.6,D
sz000021,深科技,2025-10-16 11:06:27,30.59,67700,30.59,D
sz000021,深科技,2025-10-16 11:06:30,30.61,120592,30.59,U
sz000021,深科技,2025-10-16 11:06:33,30.62,42800,30.61,U
sz000021,深科技,2025-10-16 11:06:36,30.6,41800,30.62,D
sz000021,深科技,2025-10-16 11:06:39,30.63,85154,30.6,U
sz000021,深科技,2025-10-16 11:06:42,30.63,29501,30.63,U
