symbol,name,ticktime,price,volume,prev_price,kind
sz000021,深科技,2025-09-19 09:25:00,22.0,708500,0.0,U
sz000021,深科技,2025-09-19 09:30:00,22.01,322000,22.0,U
sz000021,深科技,2025-09-19 09:30:03,22.06,765000,22.01,E
sz000021,深科技,2025-09-19 09:30:06,22.05,197200,22.06,D
sz000021,深科技,2025-09-19 09:30:09,22.07,38500,22.05,U
sz000021,深科技,2025-09-19 09:30:12,22.1,25900,22.07,U
sz000021,深科技,2025-09-19 09:30:15,22.13,44000,22.1,U
sz000021,深科技,2025-09-19 09:30:18,22.13,23600,22.13,U
sz000021,深科技,2025-09-19 09:30:21,22.15,73600,22.13,U
sz000021,深科技,2025-09-19 09:30:24,22.16,268100,22.15,U
sz000021,深科技,2025-09-19 09:30:27,22.19,170700,22.16,U
sz000021,深科技,2025-09-19 09:30:30,22.22,122900,22.19,U
sz000021,深科技,2025-09-19 09:30:33,22.22,40700,22.22,U
sz000021,深科技,2025-09-19 09:30:36,22.23,49400,22.22,U
sz000021,深科技,2025-09-19 09:30:39,22.27,68100,22.23,U
sz000021,深科技,2025-09-19 09:30:42,22.28,85900,22.27,U
sz000021,深科技,2025-09-19 09:30:45,22.23,230300,22.28,D
sz000021,深科技,2025-09-19 09:30:48,22.14,666200,22.23,D
sz000021,深科技,2025-09-19 09:30:51,22.09,174700,22.14,D
sz000021,深科技,2025-09-19 09:30:54,22.09,44100,22.09,D
sz000021,深科技,2025-09-19 09:30:57,22.1,51570,22.09,E
sz000021,深科技,2025-09-19 09:31:00,22.12,72200,22.1,E
sz000021,深科技,2025-09-19 09:31:03,22.16,315800,22.12,U
sz000021,深科技,2025-09-19 09:31:06,22.15,147800,22.16,D
sz000021,深科技,2025-09-19 09:31:09,22.16,52000,22.15,E
sz000021,深科技,2025-09-19 09:31:12,22.17,46500,22.16,E
sz000021,深科技,2025-09-19 09:31:15,22.17,64700,22.17,E
sz000021,深科技,2025-09-19 09:31:18,22.19,120200,22.17,U
sz000021,深科技,2025-09-19 09:31:21,22.2,44600,22.19,U
sz000021,深科技,2025-09-19 09:31:24,22.18,113200,22.2,D
sz000021,深科技,2025-09-19 09:31:27,22.15,38900,22.18,D
sz000021,深科技,2025-09-19 09:31:30,22.14,42600,22.15,D
sz000021,深科技,2025-09-19 09:31:33,22.12,35400,22.14,D
sz000021,深科技,2025-09-19 09:31:36,22.12,51800,22.12,D
sz000021,深科技,2025-09-19 09:31:39,22.12,107800,22.12,D
sz000021,深科技,2025-09-19 09:31:42,22.12,137000,22.12,U
sz000021,深科技,2025-09-19 09:31:45,22.14,57679,22.12,U
sz000021,深科技,2025-09-19 09:31:48,22.14,35100,22.14,D
sz000021,深科技,2025-09-19 09:31:51,22.14,32300,22.14,D
sz000021,深科技,2025-09-19 09:31:54,22.14,33800,22.14,U
sz000021,深科技,2025-09-19 09:31:57,22.16,89300,22.14,U
sz000021,深科技,2025-09-19 09:32:00,22.16,77800,22.16,U
sz000021,深科技,2025-09-19 09:32:03,22.16,71800,22.16,D
sz000021,深科技,2025-09-19 09:32:06,22.18,33000,22.16,U
sz000021,深科技,2025-09-19 09:32:09,22.18,85900,22.18,U
sz000021,深科技,2025-09-19 09:32:12,22.19,81400,22.18,U
sz000021,深科技,2025-09-19 09:32:15,22.2,305300,22.19,U
sz000021,深科技,2025-09-19 09:32:18,22.23,54400,22.2,U
sz000021,深科技,2025-09-19 09:32:21,22.2,140100,22.23,D
sz000021,深科技,2025-09-19 09:32:24,22.2,119000,22.2,U
sz000021,深科技,2025-09-19 09:32:27,22.18,50900,22.2,E
sz000021,深科技,2025-09-19 09:32:30,22.18,33100,22.18,U
sz000021,深科技,2025-09-19 09:32:33,22.17,48300,22.18,E
sz000021,深科技,2025-09-19 09:32:36,22.16,42300,22.17,E
sz000021,深科技,2025-09-19 09:32:39,22.15,38100,22.16,D
sz000021,深科技,2025-09-19 09:32:42,22.13,56100,22.15,D
sz000021,深科技,2025-09-19 09:32:45,22.15,50000,22.13,U
sz000021,深科技,2025-09-19 09:32:48,22.15,48300,22.15,U
sz000021,深科技,2025-09-19 09:32:51,22.15,64800,22.15,D
sz000021,深科技,2025-09-19 09:32:54,22.15,32600,22.15,U
sz000021,深科技,2025-09-19 09:32:57,22.17,97000,22.15,U
sz000021,深科技,2025-09-19 09:33:00,22.17,18700,22.17,U
sz000021,深科技,2025-09-19 09:33:03,22.16,240100,22.17,D
sz000021,深科技,2025-09-19 09:33:06,22.16,38200,22.16,U
sz000021,深科技,2025-09-19 09:33:09,22.13,44600,22.16,D
sz000021,深科技,2025-09-19 09:33:12,22.12,43300,22.13,D
sz000021,深科技,2025-09-19 09:33:15,22.08,90230,22.12,D
sz000021,深科技,2025-09-19 09:33:18,22.07,40500,22.08,D
sz000021,深科技,2025-09-19 09:33:21,22.07,36300,22.07,U
sz000021,深科技,2025-09-19 09:33:24,22.1,56900,22.07,U
sz000021,深科技,2025-09-19 09:33:27,22.1,117100,22.1,U
sz000021,深科技,2025-09-19 09:33:30,22.09,67000,22.1,E
sz000021,深科技,2025-09-19 09:33:33,22.11,63370,22.09,E
sz000021,深科技,2025-09-19 09:33:36,22.13,37100,22.11,E
sz000021,深科技,2025-09-19 09:33:39,22.14,39900,22.13,U
sz000021,深科技,2025-09-19 09:33:42,22.13,41600,22.14,D
sz000021,深科技,2025-09-19 09:33:45,22.14,58700,22.13,D
sz000021,深科技,2025-09-19 09:33:48,22.16,62400,22.14,E
sz000021,深科技,2025-09-19 09:33:51,22.18,40900,22.16,E
sz000021,深科技,2025-09-19 09:33:54,22.2,201300,22.18,U
sz000021,深科技,2025-09-19 09:33:57,22.19,57600,22.2,D
sz000021,深科技,2025-09-19 09:34:00,22.22,39900,22.19,U
sz000021,深科技,2025-09-19 09:34:03,22.22,20000,22.22,U
sz000021,深科技,2025-09-19 09:34:06,22.22,83600,22.22,D
sz000021,深科技,2025-09-19 09:34:09,22.24,40200,22.22,U
sz000021,深科技,2025-09-19 09:34:12,22.32,342500,22.24,U
sz000021,深科技,2025-09-19 09:34:15,22.33,24700,22.32,U
sz000021,深科技,2025-09-19 09:34:18,22.34,32900,22.33,U
sz000021,深科技,2025-09-19 09:34:21,22.34,49400,22.34,D
sz000021,深科技,2025-09-19 09:34:24,22.36,96265,22.34,U
sz000021,深科技,2025-09-19 09:34:27,22.38,168600,22.36,U
sz000021,深科技,2025-09-19 09:34:30,22.4,55100,22.38,U
sz000021,深科技,2025-09-19 09:34:33,22.42,46400,22.4,U
sz000021,深科技,2025-09-19 09:34:36,22.39,165700,22.42,D
sz000021,深科技,2025-09-19 09:34:39,22.4,189700,22.39,U
sz000021,深科技,2025-09-19 09:34:42,22.37,57500,22.4,D
sz000021,深科技,2025-09-19 09:34:45,22.37,111300,22.37,D
sz000021,深科技,2025-09-19 09:34:48,22.36,71400,22.37,D
sz000021,深科技,2025-09-19 09:34:51,22.36,57400,22.36,D
sz000021,深科技,2025-09-19 09:34:54,22.36,65700,22.36,D
sz000021,深科技,2025-09-19 09:34:57,22.37,42000,22.36,U
sz000021,深科技,2025-09-19 09:35:00,22.36,38400,22.37,E
sz000021,深科技,2025-09-19 09:35:03,22.36,185635,22.36,U
sz000021,深科技,2025-09-19 09:35:06,22.36,58600,22.36,U
sz000021,深科技,2025-09-19 09:35:09,22.37,37700,22.36,U
sz000021,深科技,2025-09-19 09:35:12,22.36,43900,22.37,U
sz000021,深科技,2025-09-19 09:35:15,22.37,113100,22.36,U
sz000021,深科技,2025-09-19 09:35:18,22.39,123900,22.37,U
sz000021,深科技,2025-09-19 09:35:21,22.36,29600,22.39,D
sz000021,深科技,2025-09-19 09:35:24,22.38,135400,22.36,U
sz000021,深科技,2025-09-19 09:35:27,22.36,85600,22.38,D
sz000021,深科技,2025-09-19 09:35:30,22.39,113300,22.36,U
sz000021,深科技,2025-09-19 09:35:33,22.39,123000,22.39,D
sz000021,深科技,2025-09-19 09:35:36,22.4,35500,22.39,U
sz000021,深科技,2025-09-19 09:35:39,22.4,41800,22.4,U
sz000021,深科技,2025-09-19 09:35:42,22.43,167100,22.4,U
sz000021,深科技,2025-09-19 09:35:45,22.41,70100,22.43,D
sz000021,深科技,2025-09-19 09:35:48,22.42,27200,22.41,E
sz000021,深科技,2025-09-19 09:35:51,22.42,47900,22.42,D
sz000021,深科技,2025-09-19 09:35:54,22.43,61900,22.42,U
sz000021,深科技,2025-09-19 09:35:57,22.43,238300,22.43,U
sz000021,深科技,2025-09-19 09:36:00,22.46,85100,22.43,E
sz000021,深科技,2025-09-19 09:36:03,22.48,57601,22.46,U
sz000021,深科技,2025-09-19 09:36:06,22.47,30300,22.48,E
sz000021,深科技,2025-09-19 09:36:09,22.44,101600,22.47,U
sz000021,深科技,2025-09-19 09:36:12,22.47,60900,22.44,U
sz000021,深科技,2025-09-19 09:36:15,22.46,13100,22.47,D
sz000021,深科技,2025-09-19 09:36:18,22.45,35300,22.46,D
sz000021,深科技,2025-09-19 09:36:21,22.43,61400,22.45,D
sz000021,深科技,2025-09-19 09:36:24,22.44,81100,22.43,U
sz000021,深科技,2025-09-19 09:36:27,22.4,190899,22.44,D
sz000021,深科技,2025-09-19 09:36:30,22.38,13600,22.4,E
sz000021,深科技,2025-09-19 09:36:33,22.35,27700,22.38,D
sz000021,深科技,2025-09-19 09:36:36,22.35,53000,22.35,D
sz000021,深科技,2025-09-19 09:36:39,22.37,35900,22.35,U
sz000021,深科技,2025-09-19 09:36:42,22.38,37400,22.37,U
sz000021,深科技,2025-09-19 09:36:45,22.42,11200,22.38,U
sz000021,深科技,2025-09-19 09:36:48,22.42,12100,22.42,U
sz000021,深科技,2025-09-19 09:36:51,22.42,29400,22.42,U
sz000021,深科技,2025-09-19 09:36:54,22.41,132200,22.42,U
sz000021,深科技,2025-09-19 09:36:57,22.42,135200,22.41,U
sz000021,深科技,2025-09-19 09:37:00,22.4,144800,22.42,E
sz000021,深科技,2025-09-19 09:37:03,22.41,24600,22.4,U
sz000021,深科技,2025-09-19 09:37:06,22.4,49400,22.41,D
sz000021,深科技,2025-09-19 09:37:09,22.41,347100,22.4,U
sz000021,深科技,2025-09-19 09:37:12,22.42,62900,22.41,U
sz000021,深科技,2025-09-19 09:37:15,22.42,42600,22.42,D
sz000021,深科技,2025-09-19 09:37:18,22.43,54700,22.42,U
sz000021,深科技,2025-09-19 09:37:21,22.43,54200,22.43,U
sz000021,深科技,2025-09-19 09:37:24,22.44,23500,22.43,U
sz000021,深科技,2025-09-19 09:37:27,22.44,139200,22.44,U
sz000021,深科技,2025-09-19 09:37:30,22.43,74400,22.44,E
sz000021,深科技,2025-09-19 09:37:33,22.42,55400,22.43,D
sz000021,深科技,2025-09-19 09:37:36,22.42,36600,22.42,D
sz000021,深科技,2025-09-19 09:37:39,22.43,32000,22.42,U
sz000021,深科技,2025-09-19 09:37:42,22.42,20300,22.43,D
sz000021,深科技,2025-09-19 09:37:45,22.4,46100,22.42,D
sz000021,深科技,2025-09-19 09:37:48,22.36,67500,22.4,D
sz000021,深科技,2025-09-19 09:37:51,22.35,72200,22.36,D
sz000021,深科技,2025-09-19 09:37:54,22.35,34100,22.35,U
sz000021,深科技,2025-09-19 09:37:57,22.34,85600,22.35,D
sz000021,深科技,2025-09-19 09:38:00,22.38,27500,22.34,U
sz000021,深科技,2025-09-19 09:38:03,22.33,54000,22.38,D
sz000021,深科技,2025-09-19 09:38:06,22.34,55200,22.33,U
sz000021,深科技,2025-09-19 09:38:09,22.36,31200,22.34,U
sz000021,深科技,2025-09-19 09:38:12,22.36,52900,22.36,D
sz000021,深科技,2025-09-19 09:38:15,22.36,52400,22.36,D
sz000021,深科技,2025-09-19 09:38:18,22.36,22200,22.36,D
sz000021,深科技,2025-09-19 09:38:21,22.32,68900,22.36,D
sz000021,深科技,2025-09-19 09:38:24,22.36,211300,22.32,U
sz000021,深科技,2025-09-19 09:38:27,22.36,16700,22.36,D
sz000021,深科技,2025-09-19 09:38:30,22.34,48900,22.36,D
sz000021,深科技,2025-09-19 09:38:33,22.33,33800,22.34,D
sz000021,深科技,2025-09-19 09:38:36,22.33,13300,22.33,D
sz000021,深科技,2025-09-19 09:38:39,22.35,32100,22.33,U
sz000021,深科技,2025-09-19 09:38:42,22.34,43300,22.35,D
sz000021,深科技,2025-09-19 09:38:45,22.35,39900,22.34,U
sz000021,深科技,2025-09-19 09:38:48,22.35,80800,22.35,D
sz000021,深科技,2025-09-19 09:38:51,22.38,106700,22.35,U
sz000021,深科技,2025-09-19 09:38:54,22.36,32200,22.38,D
sz000021,深科技,2025-09-19 09:38:57,22.39,42000,22.36,U
sz000021,深科技,2025-09-19 09:39:00,22.4,83900,22.39,U
sz000021,深科技,2025-09-19 09:39:03,22.42,106900,22.4,U
sz000021,深科技,2025-09-19 09:39:06,22.43,76300,22.42,U
sz000021,深科技,2025-09-19 09:39:09,22.4,55300,22.43,D
sz000021,深科技,2025-09-19 09:39:12,22.44,133800,22.4,U
sz000021,深科技,2025-09-19 09:39:15,22.42,52400,22.44,D
sz000021,深科技,2025-09-19 09:39:18,22.44,30100,22.42,U
sz000021,深科技,2025-09-19 09:39:21,22.46,102800,22.44,U
sz000021,深科技,2025-09-19 09:39:24,22.46,57000,22.46,U
sz000021,深科技,2025-09-19 09:39:27,22.49,274500,22.46,U
sz000021,深科技,2025-09-19 09:39:30,22.46,304100,22.49,D
sz000021,深科技,2025-09-19 09:39:33,22.46,66300,22.46,U
sz000021,深科技,2025-09-19 09:39:36,22.46,122000,22.46,U
sz000021,深科技,2025-09-19 09:39:39,22.46,34900,22.46,D
sz000021,深科技,2025-09-19 09:39:42,22.46,47800,22.46,U
sz000021,深科技,2025-09-19 09:39:45,22.46,25700,22.46,U
sz000021,深科技,2025-09-19 09:39:48,22.46,35300,22.46,D
sz000021,深科技,2025-09-19 09:39:51,22.45,106400,22.46,D
sz000021,深科技,2025-09-19 09:39:54,22.43,72000,22.45,D
sz000021,深科技,2025-09-19 09:39:57,22.43,149500,22.43,D
sz000021,深科技,2025-09-19 09:40:00,22.45,31700,22.43,U
sz000021,深科技,2025-09-19 09:40:03,22.45,74700,22.45,U
sz000021,深科技,2025-09-19 09:40:06,22.46,20500,22.45,D
sz000021,深科技,2025-09-19 09:40:09,22.45,23200,22.46,D
sz000021,深科技,2025-09-19 09:40:12,22.46,76200,22.45,U
sz000021,深科技,2025-09-19 09:40:15,22.47,46000,22.46,E
sz000021,深科技,2025-09-19 09:40:18,22.48,37200,22.47,D
sz000021,深科技,2025-09-19 09:40:21,22.5,45700,22.48,U
sz000021,深科技,2025-09-19 09:40:24,22.5,41800,22.5,U
sz000021,深科技,2025-09-19 09:40:27,22.5,170000,22.5,U
sz000021,深科技,2025-09-19 09:40:30,22.51,238300,22.5,U
sz000021,深科技,2025-09-19 09:40:33,22.52,126600,22.51,E
sz000021,深科技,2025-09-19 09:40:36,22.53,24900,22.52,E
sz000021,深科技,2025-09-19 09:40:39,22.53,83500,22.53,D
sz000021,深科技,2025-09-19 09:40:42,22.54,110300,22.53,U
sz000021,深科技,2025-09-19 09:40:45,22.54,171700,22.54,D
sz000021,深科技,2025-09-19 09:40:48,22.54,74100,22.54,U
sz000021,深科技,2025-09-19 09:40:51,22.53,52900,22.54,D
sz000021,深科技,2025-09-19 09:40:54,22.55,142300,22.53,U
sz000021,深科技,2025-09-19 09:40:57,22.55,59500,22.55,D
sz000021,深科技,2025-09-19 09:41:00,22.56,314400,22.55,U
sz000021,深科技,2025-09-19 09:41:03,22.65,500800,22.56,U
sz000021,深科技,2025-09-19 09:41:06,22.66,55200,22.65,U
sz000021,深科技,2025-09-19 09:41:09,22.65,81200,22.66,E
sz000021,深科技,2025-09-19 09:41:12,22.65,66300,22.65,U
sz000021,深科技,2025-09-19 09:41:15,22.62,197200,22.65,D
sz000021,深科技,2025-09-19 09:41:18,22.61,46900,22.62,D
sz000021,深科技,2025-09-19 09:41:21,22.6,39500,22.61,E
sz000021,深科技,2025-09-19 09:41:24,22.61,67800,22.6,U
sz000021,深科技,2025-09-19 09:41:27,22.59,239400,22.61,E
sz000021,深科技,2025-09-19 09:41:30,22.57,61400,22.59,E
sz000021,深科技,2025-09-19 09:41:33,22.57,75100,22.57,E
sz000021,深科技,2025-09-19 09:41:36,22.55,44500,22.57,D
sz000021,深科技,2025-09-19 09:41:39,22.55,182600,22.55,D
sz000021,深科技,2025-09-19 09:41:42,22.55,95100,22.55,U
sz000021,深科技,2025-09-19 09:41:45,22.55,28000,22.55,U
sz000021,深科技,2025-09-19 09:41:48,22.51,121000,22.55,D
sz000021,深科技,2025-09-19 09:41:51,22.51,36600,22.51,E
sz000021,深科技,2025-09-19 09:41:54,22.47,122900,22.51,D
sz000021,深科技,2025-09-19 09:41:57,22.45,92500,22.47,D
sz000021,深科技,2025-09-19 09:42:00,22.45,76700,22.45,U
sz000021,深科技,2025-09-19 09:42:03,22.45,20400,22.45,D
sz000021,深科技,2025-09-19 09:42:06,22.42,39100,22.45,D
sz000021,深科技,2025-09-19 09:42:09,22.4,82500,22.42,D
sz000021,深科技,2025-09-19 09:42:12,22.39,87200,22.4,D
sz000021,深科技,2025-09-19 09:42:15,22.4,23000,22.39,E
sz000021,深科技,2025-09-19 09:42:18,22.39,43200,22.4,D
sz000021,深科技,2025-09-19 09:42:21,22.39,14600,22.39,U
sz000021,深科技,2025-09-19 09:42:24,22.38,14600,22.39,D
sz000021,深科技,2025-09-19 09:42:27,22.38,35700,22.38,D
sz000021,深科技,2025-09-19 09:42:30,22.38,32700,22.38,D
sz000021,深科技,2025-09-19 09:42:33,22.38,10700,22.38,U
sz000021,深科技,2025-09-19 09:42:36,22.36,104900,22.38,D
sz000021,深科技,2025-09-19 09:42:39,22.36,87200,22.36,U
sz000021,深科技,2025-09-19 09:42:42,22.36,144100,22.36,U
sz000021,深科技,2025-09-19 09:42:45,22.35,18300,22.36,U
sz000021,深科技,2025-09-19 09:42:48,22.35,22900,22.35,U
sz000021,深科技,2025-09-19 09:42:51,22.33,49400,22.35,D
sz000021,深科技,2025-09-19 09:42:54,22.34,47500,22.33,U
sz000021,深科技,2025-09-19 09:42:57,22.35,77700,22.34,U
sz000021,深科技,2025-09-19 09:43:00,22.33,35700,22.35,E
sz000021,深科技,2025-09-19 09:43:03,22.35,40100,22.33,U
sz000021,深科技,2025-09-19 09:43:06,22.33,26600,22.35,D
sz000021,深科技,2025-09-19 09:43:09,22.31,35300,22.33,D
sz000021,深科技,2025-09-19 09:43:12,22.34,34800,22.31,U
sz000021,深科技,2025-09-19 09:43:15,22.34,153600,22.34,D
sz000021,深科技,2025-09-19 09:43:18,22.32,66800,22.34,D
sz000021,深科技,2025-09-19 09:43:21,22.31,20800,22.32,D
sz000021,深科技,2025-09-19 09:43:24,22.33,118400,22.31,U
sz000021,深科技,2025-09-19 09:43:27,22.33,24800,22.33,D
sz000021,深科技,2025-09-19 09:43:30,22.32,45500,22.33,D
sz000021,深科技,2025-09-19 09:43:33,22.33,83100,22.32,U
sz000021,深科技,2025-09-19 09:43:36,22.32,146500,22.33,D
sz000021,深科技,2025-09-19 09:43:39,22.31,67500,22.32,D
sz000021,深科技,2025-09-19 09:43:42,22.3,59000,22.31,U
sz000021,深科技,2025-09-19 09:43:45,22.3,10700,22.3,U
sz000021,深科技,2025-09-19 09:43:48,22.3,20300,22.3,U
sz000021,深科技,2025-09-19 09:43:51,22.28,28000,22.3,D
sz000021,深科技,2025-09-19 09:43:54,22.28,27200,22.28,U
sz000021,深科技,2025-09-19 09:43:57,22.28,39300,22.28,U
sz000021,深科技,2025-09-19 09:44:00,22.27,34900,22.28,D
sz000021,深科技,2025-09-19 09:44:03,22.25,35400,22.27,D
sz000021,深科技,2025-09-19 09:44:06,22.24,91200,22.25,D
sz000021,深科技,2025-09-19 09:44:09,22.25,25400,22.24,E
sz000021,深科技,2025-09-19 09:44:12,22.26,26200,22.25,U
sz000021,深科技,2025-09-19 09:44:15,22.25,24800,22.26,D
sz000021,深科技,2025-09-19 09:44:18,22.25,69300,22.25,D
sz000021,深科技,2025-09-19 09:44:21,22.25,35700,22.25,U
sz000021,深科技,2025-09-19 09:44:24,22.24,40400,22.25,D
sz000021,深科技,2025-09-19 09:44:27,22.23,126200,22.24,D
sz000021,深科技,2025-09-19 09:44:30,22.24,28800,22.23,U
sz000021,深科技,2025-09-19 09:44:33,22.23,49000,22.24,D
sz000021,深科技,2025-09-19 09:44:36,22.24,64800,22.23,U
sz000021,深科技,2025-09-19 09:44:39,22.23,71000,22.24,D
sz000021,深科技,2025-09-19 09:44:42,22.23,69000,22.23,D
sz000021,深科技,2025-09-19 09:44:45,22.24,24200,22.23,D
sz000021,深科技,2025-09-19 09:44:48,22.26,36400,22.24,U
sz000021,深科技,2025-09-19 09:44:51,22.26,26100,22.26,U
sz000021,深科技,2025-09-19 09:44:54,22.28,17700,22.26,U
sz000021,深科技,2025-09-19 09:44:57,22.28,28300,22.28,U
sz000021,深科技,2025-09-19 09:45:00,22.25,110900,22.28,D
sz000021,深科技,2025-09-19 09:45:03,22.23,29200,22.25,E
sz000021,深科技,2025-09-19 09:45:06,22.25,15200,22.23,U
sz000021,深科技,2025-09-19 09:45:09,22.23,27800,22.25,D
sz000021,深科技,2025-09-19 09:45:12,22.23,24800,22.23,D
sz000021,深科技,2025-09-19 09:45:15,22.25,33700,22.23,U
sz000021,深科技,2025-09-19 09:45:18,22.3,162900,22.25,U
sz000021,深科技,2025-09-19 09:45:21,22.31,36900,22.3,U
sz000021,深科技,2025-09-19 09:45:27,22.32,21000,22.32,U
sz000021,深科技,2025-09-19 09:45:30,22.31,27300,22.32,E
sz000021,深科技,2025-09-19 09:45:33,22.31,31400,22.31,U
sz000021,深科技,2025-09-19 09:45:36,22.32,37200,22.31,U
sz000021,深科技,2025-09-19 09:45:39,22.31,14500,22.32,D
sz000021,深科技,2025-09-19 09:45:42,22.3,62200,22.31,D
sz000021,深科技,2025-09-19 09:45:45,22.3,45500,22.3,U
sz000021,深科技,2025-09-19 09:45:48,22.3,45700,22.3,D
sz000021,深科技,2025-09-19 09:45:51,22.32,32500,22.3,U
sz000021,深科技,2025-09-19 09:45:54,22.32,16000,22.32,U
sz000021,深科技,2025-09-19 09:45:57,22.33,18200,22.32,U
sz000021,深科技,2025-09-19 09:46:00,22.34,22300,22.33,U
sz000021,深科技,2025-09-19 09:46:03,22.35,55600,22.34,U
sz000021,深科技,2025-09-19 09:46:06,22.38,21900,22.35,U
sz000021,深科技,2025-09-19 09:46:09,22.4,22649,22.38,U
sz000021,深科技,2025-09-19 09:46:12,22.39,28200,22.4,D
sz000021,深科技,2025-09-19 09:46:15,22.42,15000,22.39,U
sz000021,深科技,2025-09-19 09:46:18,22.48,73400,22.42,U
sz000021,深科技,2025-09-19 09:46:21,22.44,17100,22.48,D
sz000021,深科技,2025-09-19 09:46:24,22.49,21700,22.44,U
sz000021,深科技,2025-09-19 09:46:27,22.45,14400,22.49,D
sz000021,深科技,2025-09-19 09:46:30,22.47,116600,22.45,E
sz000021,深科技,2025-09-19 09:46:33,22.46,74000,22.47,E
sz000021,深科技,2025-09-19 09:46:36,22.46,40700,22.46,U
sz000021,深科技,2025-09-19 09:46:39,22.43,153100,22.46,D
sz000021,深科技,2025-09-19 09:46:42,22.44,40300,22.43,U
sz000021,深科技,2025-09-19 09:46:48,22.48,89600,22.44,U
sz000021,深科技,2025-09-19 09:46:51,22.49,101200,22.48,U
sz000021,深科技,2025-09-19 09:46:54,22.5,111200,22.49,E
sz000021,深科技,2025-09-19 09:46:57,22.52,21100,22.5,U
sz000021,深科技,2025-09-19 09:47:00,22.52,17900,22.52,U
sz000021,深科技,2025-09-19 09:47:03,22.55,144600,22.52,U
sz000021,深科技,2025-09-19 09:47:06,22.52,29700,22.55,D
sz000021,深科技,2025-09-19 09:47:09,22.52,30700,22.52,U
sz000021,深科技,2025-09-19 09:47:12,22.52,57700,22.52,D
sz000021,深科技,2025-09-19 09:47:15,22.53,25000,22.52,U
sz000021,深科技,2025-09-19 09:47:18,22.54,99600,22.53,U
sz000021,深科技,2025-09-19 09:47:21,22.55,119400,22.54,U
sz000021,深科技,2025-09-19 09:47:24,22.55,66400,22.55,D
sz000021,深科技,2025-09-19 09:47:27,22.53,70400,22.55,D
sz000021,深科技,2025-09-19 09:47:30,22.54,47400,22.53,U
sz000021,深科技,2025-09-19 09:47:33,22.54,21000,22.54,E
sz000021,深科技,2025-09-19 09:47:36,22.54,23700,22.54,U
sz000021,深科技,2025-09-19 09:47:39,22.53,25200,22.54,D
sz000021,深科技,2025-09-19 09:47:42,22.53,18300,22.53,D
sz000021,深科技,2025-09-19 09:47:45,22.54,28400,22.53,U
sz000021,深科技,2025-09-19 09:47:48,22.52,63500,22.54,D
sz000021,深科技,2025-09-19 09:47:51,22.5,18900,22.52,D
sz000021,深科技,2025-09-19 09:47:54,22.47,70100,22.5,D
sz000021,深科技,2025-09-19 09:47:57,22.45,24700,22.47,D
sz000021,深科技,2025-09-19 09:48:00,22.45,12000,22.45,D
sz000021,深科技,2025-09-19 09:48:03,22.44,16600,22.45,D
sz000021,深科技,2025-09-19 09:48:06,22.44,9500,22.44,U
sz000021,深科技,2025-09-19 09:48:09,22.41,38900,22.44,D
sz000021,深科技,2025-09-19 09:48:12,22.42,47100,22.41,U
sz000021,深科技,2025-09-19 09:48:15,22.42,45700,22.42,E
sz000021,深科技,2025-09-19 09:48:18,22.41,28200,22.42,D
sz000021,深科技,2025-09-19 09:48:24,22.41,55000,22.4,E
sz000021,深科技,2025-09-19 09:48:27,22.42,35700,22.41,U
sz000021,深科技,2025-09-19 09:48:30,22.42,52700,22.42,U
sz000021,深科技,2025-09-19 09:48:33,22.42,19100,22.42,D
sz000021,深科技,2025-09-19 09:48:36,22.44,10500,22.42,E
sz000021,深科技,2025-09-19 09:48:42,22.44,57100,22.44,D
sz000021,深科技,2025-09-19 09:48:48,22.42,32700,22.44,D
sz000021,深科技,2025-09-19 09:48:54,22.4,46700,22.41,D
sz000021,深科技,2025-09-19 09:48:57,22.4,20900,22.4,U
sz000021,深科技,2025-09-19 09:49:00,22.39,9500,22.4,D
sz000021,深科技,2025-09-19 09:49:03,22.4,14700,22.39,U
sz000021,深科技,2025-09-19 09:49:06,22.39,40900,22.4,D
sz000021,深科技,2025-09-19 09:49:09,22.4,46500,22.39,D
sz000021,深科技,2025-09-19 09:49:12,22.41,22400,22.4,D
sz000021,深科技,2025-09-19 09:49:15,22.43,56400,22.41,U
sz000021,深科技,2025-09-19 09:49:21,22.46,27000,22.45,U
sz000021,深科技,2025-09-19 09:49:24,22.45,13100,22.46,D
sz000021,深科技,2025-09-19 09:49:27,22.51,185100,22.45,U
sz000021,深科技,2025-09-19 09:49:33,22.52,21200,22.51,U
sz000021,深科技,2025-09-19 09:49:36,22.51,72600,22.52,D
sz000021,深科技,2025-09-19 09:49:39,22.5,25600,22.51,E
sz000021,深科技,2025-09-19 09:49:42,22.51,56800,22.5,U
sz000021,深科技,2025-09-19 09:49:45,22.5,19200,22.51,D
sz000021,深科技,2025-09-19 09:49:48,22.47,127600,22.5,D
sz000021,深科技,2025-09-19 09:49:51,22.47,58800,22.47,U
sz000021,深科技,2025-09-19 09:49:54,22.46,54700,22.47,D
sz000021,深科技,2025-09-19 09:49:57,22.46,21700,22.46,U
sz000021,深科技,2025-09-19 09:50:06,22.46,29000,22.46,D
sz000021,深科技,2025-09-19 09:50:12,22.46,16200,22.46,U
sz000021,深科技,2025-09-19 09:50:15,22.46,28000,22.46,U
sz000021,深科技,2025-09-19 09:50:18,22.43,43600,22.46,D
sz000021,深科技,2025-09-19 09:50:27,22.41,23100,22.42,D
sz000021,深科技,2025-09-19 09:50:33,22.43,48700,22.42,U
sz000021,深科技,2025-09-19 09:50:39,22.42,19300,22.42,D
sz000021,深科技,2025-09-19 09:50:42,22.43,34300,22.42,U
sz000021,深科技,2025-09-19 09:50:45,22.41,11100,22.43,D
sz000021,深科技,2025-09-19 09:50:48,22.41,18000,22.41,U
sz000021,深科技,2025-09-19 09:50:51,22.41,12300,22.41,D
sz000021,深科技,2025-09-19 09:50:54,22.43,26800,22.41,U
sz000021,深科技,2025-09-19 09:50:57,22.42,15300,22.43,D
sz000021,深科技,2025-09-19 09:51:00,22.42,11100,22.42,D
sz000021,深科技,2025-09-19 09:51:03,22.43,37500,22.42,U
sz000021,深科技,2025-09-19 09:51:09,22.43,17100,22.43,D
sz000021,深科技,2025-09-19 09:51:12,22.45,9400,22.43,U
sz000021,深科技,2025-09-19 09:51:15,22.43,15800,22.45,D
sz000021,深科技,2025-09-19 09:51:18,22.45,9200,22.43,D
sz000021,深科技,2025-09-19 09:51:21,22.45,19400,22.45,D
sz000021,深科技,2025-09-19 09:51:24,22.45,10000,22.45,U
sz000021,深科技,2025-09-19 09:51:27,22.45,11300,22.45,U
sz000021,深科技,2025-09-19 09:51:30,22.45,51500,22.45,U
sz000021,深科技,2025-09-19 09:51:33,22.42,30400,22.45,D
sz000021,深科技,2025-09-19 09:51:36,22.42,21800,22.42,U
sz000021,深科技,2025-09-19 09:51:39,22.41,14600,22.42,E
sz000021,深科技,2025-09-19 09:51:42,22.4,45500,22.41,D
sz000021,深科技,2025-09-19 09:51:45,22.41,22400,22.4,U
sz000021,深科技,2025-09-19 09:51:48,22.39,38400,22.41,D
sz000021,深科技,2025-09-19 09:51:51,22.39,25800,22.39,U
sz000021,深科技,2025-09-19 09:51:57,22.35,66000,22.36,D
sz000021,深科技,2025-09-19 09:52:00,22.35,16800,22.35,U
sz000021,深科技,2025-09-19 09:52:03,22.36,48500,22.35,U
sz000021,深科技,2025-09-19 09:52:06,22.32,48300,22.36,D
sz000021,深科技,2025-09-19 09:52:09,22.37,20100,22.32,U
sz000021,深科技,2025-09-19 09:52:15,22.37,64300,22.36,U
sz000021,深科技,2025-09-19 09:52:18,22.37,26700,22.37,D
sz000021,深科技,2025-09-19 09:52:21,22.38,10900,22.37,E
sz000021,深科技,2025-09-19 09:52:24,22.4,104200,22.38,U
sz000021,深科技,2025-09-19 09:52:30,22.4,18700,22.38,D
sz000021,深科技,2025-09-19 09:52:33,22.4,28200,22.4,U
sz000021,深科技,2025-09-19 09:52:36,22.39,24600,22.4,D
sz000021,深科技,2025-09-19 09:52:39,22.4,31300,22.39,U
sz000021,深科技,2025-09-19 09:52:42,22.4,10800,22.4,D
sz000021,深科技,2025-09-19 09:52:45,22.41,48500,22.4,U
sz000021,深科技,2025-09-19 09:52:51,22.39,138600,22.39,D
sz000021,深科技,2025-09-19 09:52:54,22.39,39800,22.39,U
sz000021,深科技,2025-09-19 09:52:57,22.36,79900,22.39,D
sz000021,深科技,2025-09-19 09:53:00,22.4,44400,22.36,U
sz000021,深科技,2025-09-19 09:53:03,22.4,11300,22.4,D
sz000021,深科技,2025-09-19 09:53:06,22.37,11500,22.4,D
sz000021,深科技,2025-09-19 09:53:09,22.36,108600,22.37,D
sz000021,深科技,2025-09-19 09:53:12,22.36,24400,22.36,U
sz000021,深科技,2025-09-19 09:53:15,22.34,12000,22.36,D
sz000021,深科技,2025-09-19 09:53:18,22.32,29100,22.34,D
sz000021,深科技,2025-09-19 09:53:21,22.35,10100,22.32,U
sz000021,深科技,2025-09-19 09:53:24,22.33,32800,22.35,D
sz000021,深科技,2025-09-19 09:53:27,22.35,33300,22.33,E
sz000021,深科技,2025-09-19 09:53:30,22.35,54000,22.35,E
sz000021,深科技,2025-09-19 09:53:33,22.36,25300,22.35,U
sz000021,深科技,2025-09-19 09:53:36,22.36,70600,22.36,U
sz000021,深科技,2025-09-19 09:53:39,22.36,21300,22.36,U
sz000021,深科技,2025-09-19 09:53:42,22.36,25000,22.36,U
sz000021,深科技,2025-09-19 09:53:48,22.37,12300,22.37,U
sz000021,深科技,2025-09-19 09:53:54,22.37,88700,22.38,D
sz000021,深科技,2025-09-19 09:53:57,22.36,14000,22.37,U
sz000021,深科技,2025-09-19 09:54:00,22.32,38800,22.36,D
sz000021,深科技,2025-09-19 09:54:03,22.31,27500,22.32,D
sz000021,深科技,2025-09-19 09:54:06,22.3,75400,22.31,D
sz000021,深科技,2025-09-19 09:54:09,22.31,18400,22.3,U
sz000021,深科技,2025-09-19 09:54:12,22.31,54400,22.31,D
sz000021,深科技,2025-09-19 09:54:15,22.3,133700,22.31,D
sz000021,深科技,2025-09-19 09:54:18,22.3,15600,22.3,U
sz000021,深科技,2025-09-19 09:54:27,22.3,59500,22.3,D
sz000021,深科技,2025-09-19 09:54:30,22.29,18500,22.3,D
sz000021,深科技,2025-09-19 09:54:33,22.3,35900,22.29,U
sz000021,深科技,2025-09-19 09:54:36,22.29,14700,22.3,D
sz000021,深科技,2025-09-19 09:54:45,22.29,12300,22.29,U
sz000021,深科技,2025-09-19 09:54:48,22.28,27400,22.29,D
sz000021,深科技,2025-09-19 09:54:51,22.28,25600,22.28,U
sz000021,深科技,2025-09-19 09:54:54,22.27,15000,22.28,D
sz000021,深科技,2025-09-19 09:54:57,22.27,40100,22.27,U
sz000021,深科技,2025-09-19 09:55:00,22.28,24700,22.27,U
sz000021,深科技,2025-09-19 09:55:03,22.27,27700,22.28,D
sz000021,深科技,2025-09-19 09:55:09,22.27,38400,22.26,U
sz000021,深科技,2025-09-19 09:55:15,22.26,24000,22.26,D
sz000021,深科技,2025-09-19 09:55:21,22.27,16500,22.27,U
sz000021,深科技,2025-09-19 09:55:24,22.28,11300,22.27,U
sz000021,深科技,2025-09-19 09:55:27,22.28,15800,22.28,U
sz000021,深科技,2025-09-19 09:55:30,22.28,16500,22.28,U
sz000021,深科技,2025-09-19 09:55:33,22.3,29400,22.28,U
sz000021,深科技,2025-09-19 09:55:36,22.31,9900,22.3,U
sz000021,深科技,2025-09-19 09:55:39,22.31,12900,22.31,U
sz000021,深科技,2025-09-19 09:55:42,22.33,12500,22.31,U
sz000021,深科技,2025-09-19 09:55:48,22.32,9200,22.33,D
sz000021,深科技,2025-09-19 09:55:51,22.33,12200,22.32,U
sz000021,深科技,2025-09-19 09:55:54,22.31,35000,22.33,D
sz000021,深科技,2025-09-19 09:55:57,22.3,21300,22.31,D
sz000021,深科技,2025-09-19 09:56:00,22.31,10000,22.3,U
sz000021,深科技,2025-09-19 09:56:03,22.34,49400,22.31,U
sz000021,深科技,2025-09-19 09:56:06,22.37,176600,22.34,U
sz000021,深科技,2025-09-19 09:56:09,22.38,13600,22.37,U
sz000021,深科技,2025-09-19 09:56:15,22.35,20800,22.37,D
sz000021,深科技,2025-09-19 09:56:18,22.35,60311,22.35,U
sz000021,深科技,2025-09-19 09:56:21,22.35,9500,22.35,U
sz000021,深科技,2025-09-19 09:56:24,22.34,13100,22.35,U
sz000021,深科技,2025-09-19 09:56:27,22.35,9200,22.34,U
sz000021,深科技,2025-09-19 09:56:30,22.34,14400,22.35,U
sz000021,深科技,2025-09-19 09:56:39,22.31,20300,22.32,D
sz000021,深科技,2025-09-19 09:56:42,22.34,41900,22.31,U
sz000021,深科技,2025-09-19 09:56:45,22.3,19300,22.34,D
sz000021,深科技,2025-09-19 09:56:48,22.3,72000,22.3,D
sz000021,深科技,2025-09-19 09:56:51,22.29,11400,22.3,U
sz000021,深科技,2025-09-19 09:56:54,22.28,63700,22.29,D
sz000021,深科技,2025-09-19 09:56:57,22.3,135000,22.28,U
sz000021,深科技,2025-09-19 09:57:03,22.27,10200,22.27,U
sz000021,深科技,2025-09-19 09:57:06,22.25,28000,22.27,D
sz000021,深科技,2025-09-19 09:57:09,22.25,83300,22.25,D
sz000021,深科技,2025-09-19 09:57:12,22.22,177700,22.25,D
sz000021,深科技,2025-09-19 09:57:15,22.21,47200,22.22,D
sz000021,深科技,2025-09-19 09:57:18,22.2,60100,22.21,D
sz000021,深科技,2025-09-19 09:57:21,22.2,28200,22.2,D
sz000021,深科技,2025-09-19 09:57:24,22.2,51800,22.2,D
sz000021,深科技,2025-09-19 09:57:27,22.2,19100,22.2,U
sz000021,深科技,2025-09-19 09:57:30,22.23,121800,22.2,U
sz000021,深科技,2025-09-19 09:57:33,22.19,49600,22.23,D
sz000021,深科技,2025-09-19 09:57:36,22.2,26300,22.19,U
sz000021,深科技,2025-09-19 09:57:39,22.2,9500,22.2,U
sz000021,深科技,2025-09-19 09:57:42,22.19,30700,22.2,D
sz000021,深科技,2025-09-19 09:57:45,22.2,36300,22.19,U
sz000021,深科技,2025-09-19 09:57:48,22.2,21700,22.2,U
sz000021,深科技,2025-09-19 09:57:51,22.2,128500,22.2,U
sz000021,深科技,2025-09-19 09:57:54,22.21,15900,22.2,E
sz000021,深科技,2025-09-19 09:57:57,22.23,28200,22.21,U
sz000021,深科技,2025-09-19 09:58:03,22.25,21500,22.23,U
sz000021,深科技,2025-09-19 09:58:06,22.26,168500,22.25,U
sz000021,深科技,2025-09-19 09:58:09,22.3,97000,22.26,U
sz000021,深科技,2025-09-19 09:58:15,22.3,20400,22.27,U
sz000021,深科技,2025-09-19 09:58:18,22.3,87200,22.3,U
sz000021,深科技,2025-09-19 09:58:24,22.29,13000,22.3,D
sz000021,深科技,2025-09-19 09:58:27,22.28,49500,22.29,E
sz000021,深科技,2025-09-19 09:58:30,22.24,139700,22.28,D
sz000021,深科技,2025-09-19 09:58:39,22.26,133700,22.27,E
sz000021,深科技,2025-09-19 09:58:42,22.24,351600,22.26,E
sz000021,深科技,2025-09-19 09:58:51,22.24,14400,22.26,D
sz000021,深科技,2025-09-19 09:58:54,22.24,39900,22.24,D
sz000021,深科技,2025-09-19 09:59:00,22.24,24000,22.24,U
sz000021,深科技,2025-09-19 09:59:03,22.2,71900,22.24,D
sz000021,深科技,2025-09-19 09:59:06,22.19,30200,22.2,D
sz000021,深科技,2025-09-19 09:59:09,22.16,28900,22.19,D
sz000021,深科技,2025-09-19 09:59:12,22.16,16200,22.16,D
sz000021,深科技,2025-09-19 09:59:15,22.16,20000,22.16,D
sz000021,深科技,2025-09-19 09:59:18,22.16,53000,22.16,D
sz000021,深科技,2025-09-19 09:59:21,22.16,47400,22.16,D
sz000021,深科技,2025-09-19 09:59:24,22.15,22300,22.16,D
sz000021,深科技,2025-09-19 09:59:27,22.16,26700,22.15,U
sz000021,深科技,2025-09-19 09:59:30,22.15,24400,22.16,D
sz000021,深科技,2025-09-19 09:59:33,22.17,20700,22.15,U
sz000021,深科技,2025-09-19 09:59:36,22.17,13700,22.17,D
sz000021,深科技,2025-09-19 09:59:39,22.19,14200,22.17,U
sz000021,深科技,2025-09-19 09:59:42,22.19,42100,22.19,D
sz000021,深科技,2025-09-19 09:59:45,22.19,15000,22.19,D
sz000021,深科技,2025-09-19 09:59:51,22.17,13600,22.17,D
sz000021,深科技,2025-09-19 09:59:54,22.17,101900,22.17,D
sz000021,深科技,2025-09-19 09:59:57,22.17,16100,22.17,U
sz000021,深科技,2025-09-19 10:00:00,22.17,11800,22.17,U
sz000021,深科技,2025-09-19 10:00:03,22.18,19200,22.17,U
sz000021,深科技,2025-09-19 10:00:06,22.2,146800,22.18,U
sz000021,深科技,2025-09-19 10:00:09,22.23,25300,22.2,U
sz000021,深科技,2025-09-19 10:00:12,22.19,124100,22.23,D
sz000021,深科技,2025-09-19 10:00:15,22.22,13500,22.19,U
sz000021,深科技,2025-09-19 10:00:18,22.21,13700,22.22,D
sz000021,深科技,2025-09-19 10:00:21,22.19,14800,22.21,D
sz000021,深科技,2025-09-19 10:00:27,22.2,67700,22.2,D
sz000021,深科技,2025-09-19 10:00:30,22.2,55700,22.2,U
sz000021,深科技,2025-09-19 10:00:33,22.2,21300,22.2,D
sz000021,深科技,2025-09-19 10:00:36,22.22,14700,22.2,U
sz000021,深科技,2025-09-19 10:00:45,22.22,9800,22.22,D
sz000021,深科技,2025-09-19 10:00:51,22.25,29900,22.22,U
sz000021,深科技,2025-09-19 10:01:03,22.24,34800,22.25,E
sz000021,深科技,2025-09-19 10:01:09,22.23,18500,22.23,U
sz000021,深科技,2025-09-19 10:01:12,22.21,99600,22.23,D
sz000021,深科技,2025-09-19 10:01:18,22.2,38200,22.2,D
sz000021,深科技,2025-09-19 10:01:21,22.19,33400,22.2,D
sz000021,深科技,2025-09-19 10:01:24,22.18,11200,22.19,D
sz000021,深科技,2025-09-19 10:01:30,22.18,15900,22.19,D
sz000021,深科技,2025-09-19 10:01:33,22.19,48400,22.18,U
sz000021,深科技,2025-09-19 10:01:36,22.18,19400,22.19,D
sz000021,深科技,2025-09-19 10:01:42,22.17,34900,22.18,D
sz000021,深科技,2025-09-19 10:01:45,22.18,16600,22.17,U
sz000021,深科技,2025-09-19 10:01:48,22.18,23000,22.18,U
sz000021,深科技,2025-09-19 10:01:51,22.19,43300,22.18,U
sz000021,深科技,2025-09-19 10:01:54,22.18,10600,22.19,D
sz000021,深科技,2025-09-19 10:01:57,22.15,494200,22.18,D
sz000021,深科技,2025-09-19 10:02:00,22.15,105300,22.15,U
sz000021,深科技,2025-09-19 10:02:03,22.17,129329,22.15,U
sz000021,深科技,2025-09-19 10:02:06,22.18,34600,22.17,U
sz000021,深科技,2025-09-19 10:02:09,22.2,10900,22.18,U
sz000021,深科技,2025-09-19 10:02:12,22.19,13600,22.2,D
sz000021,深科技,2025-09-19 10:02:21,22.19,109000,22.19,U
sz000021,深科技,2025-09-19 10:02:27,22.22,39700,22.21,U
sz000021,深科技,2025-09-19 10:02:33,22.24,16500,22.23,U
sz000021,深科技,2025-09-19 10:02:42,22.24,25700,22.24,D
sz000021,深科技,2025-09-19 10:02:48,22.26,10500,22.26,U
sz000021,深科技,2025-09-19 10:02:57,22.27,10800,22.27,U
sz000021,深科技,2025-09-19 10:03:00,22.26,30200,22.27,D
sz000021,深科技,2025-09-19 10:03:03,22.28,26300,22.26,U
sz000021,深科技,2025-09-19 10:03:06,22.26,79500,22.28,D
sz000021,深科技,2025-09-19 10:03:09,22.25,12100,22.26,D
sz000021,深科技,2025-09-19 10:03:12,22.26,15500,22.25,D
sz000021,深科技,2025-09-19 10:03:15,22.28,19800,22.26,U
sz000021,深科技,2025-09-19 10:03:18,22.28,14700,22.28,U
sz000021,深科技,2025-09-19 10:03:21,22.27,17700,22.28,D
sz000021,深科技,2025-09-19 10:03:24,22.27,35900,22.27,D
sz000021,深科技,2025-09-19 10:03:30,22.25,28100,22.27,D
sz000021,深科技,2025-09-19 10:03:33,22.27,15700,22.25,U
sz000021,深科技,2025-09-19 10:03:39,22.25,22600,22.27,D
sz000021,深科技,2025-09-19 10:03:45,22.24,10500,22.25,D
sz000021,深科技,2025-09-19 10:03:57,22.28,47700,22.24,U
sz000021,深科技,2025-09-19 10:04:00,22.27,102400,22.28,D
sz000021,深科技,2025-09-19 10:04:06,22.28,26900,22.24,U
sz000021,深科技,2025-09-19 10:04:12,22.28,12346,22.28,U
sz000021,深科技,2025-09-19 10:04:18,22.29,34200,22.26,U
sz000021,深科技,2025-09-19 10:04:21,22.28,24300,22.29,D
sz000021,深科技,2025-09-19 10:04:27,22.28,17700,22.29,D
sz000021,深科技,2025-09-19 10:04:33,22.28,11200,22.28,D
sz000021,深科技,2025-09-19 10:04:36,22.29,37800,22.28,U
sz000021,深科技,2025-09-19 10:04:39,22.29,13300,22.29,D
sz000021,深科技,2025-09-19 10:04:48,22.29,17100,22.29,U
sz000021,深科技,2025-09-19 10:04:51,22.29,19800,22.29,D
sz000021,深科技,2025-09-19 10:04:54,22.28,43300,22.29,D
sz000021,深科技,2025-09-19 10:05:03,22.25,14300,22.27,D
sz000021,深科技,2025-09-19 10:05:06,22.24,14554,22.25,D
sz000021,深科技,2025-09-19 10:05:09,22.24,44700,22.24,D
sz000021,深科技,2025-09-19 10:05:12,22.24,15800,22.24,D
sz000021,深科技,2025-09-19 10:05:18,22.24,24700,22.24,U
sz000021,深科技,2025-09-19 10:05:30,22.25,12700,22.25,U
sz000021,深科技,2025-09-19 10:05:33,22.25,42700,22.25,D
sz000021,深科技,2025-09-19 10:05:39,22.24,31300,22.25,D
sz000021,深科技,2025-09-19 10:05:42,22.23,18700,22.24,D
sz000021,深科技,2025-09-19 10:05:45,22.22,9100,22.23,D
sz000021,深科技,2025-09-19 10:05:54,22.23,53600,22.23,U
sz000021,深科技,2025-09-19 10:05:57,22.23,23100,22.23,U
sz000021,深科技,2025-09-19 10:06:03,22.22,36300,22.22,D
sz000021,深科技,2025-09-19 10:06:06,22.22,43500,22.22,D
sz000021,深科技,2025-09-19 10:06:09,22.23,13600,22.22,D
sz000021,深科技,2025-09-19 10:06:12,22.25,14300,22.23,U
sz000021,深科技,2025-09-19 10:06:21,22.28,77246,22.24,U
sz000021,深科技,2025-09-19 10:06:27,22.29,28038,22.27,U
sz000021,深科技,2025-09-19 10:06:33,22.3,24116,22.28,U
sz000021,深科技,2025-09-19 10:06:39,22.29,59600,22.29,D
sz000021,深科技,2025-09-19 10:06:42,22.29,123284,22.29,D
sz000021,深科技,2025-09-19 10:06:51,22.27,27600,22.27,D
sz000021,深科技,2025-09-19 10:06:54,22.27,473300,22.27,U
sz000021,深科技,2025-09-19 10:07:03,22.28,14500,22.27,U
sz000021,深科技,2025-09-19 10:07:06,22.28,18100,22.28,U
sz000021,深科技,2025-09-19 10:07:09,22.28,26200,22.28,E
sz000021,深科技,2025-09-19 10:07:15,22.21,1026900,22.28,D
sz000021,深科技,2025-09-19 10:07:18,22.24,30700,22.21,U
sz000021,深科技,2025-09-19 10:07:21,22.23,36500,22.24,D
sz000021,深科技,2025-09-19 10:07:24,22.24,19900,22.23,D
sz000021,深科技,2025-09-19 10:07:30,22.25,19900,22.25,D
sz000021,深科技,2025-09-19 10:07:33,22.25,43100,22.25,D
sz000021,深科技,2025-09-19 10:07:42,22.25,11000,22.23,U
sz000021,深科技,2025-09-19 10:07:45,22.25,12400,22.25,U
sz000021,深科技,2025-09-19 10:07:51,22.25,15400,22.24,U
sz000021,深科技,2025-09-19 10:07:54,22.23,25300,22.25,D
sz000021,深科技,2025-09-19 10:07:57,22.23,20200,22.23,U
sz000021,深科技,2025-09-19 10:08:00,22.22,69400,22.23,D
sz000021,深科技,2025-09-19 10:08:03,22.22,13800,22.22,U
sz000021,深科技,2025-09-19 10:08:06,22.21,13000,22.22,D
sz000021,深科技,2025-09-19 10:08:12,22.22,15300,22.21,U
sz000021,深科技,2025-09-19 10:08:18,22.21,16100,22.21,U
sz000021,深科技,2025-09-19 10:08:21,22.22,17800,22.21,U
sz000021,深科技,2025-09-19 10:08:24,22.2,20800,22.22,D
sz000021,深科技,2025-09-19 10:08:27,22.23,50300,22.2,U
sz000021,深科技,2025-09-19 10:08:30,22.22,35900,22.23,D
sz000021,深科技,2025-09-19 10:08:33,22.21,11600,22.22,D
sz000021,深科技,2025-09-19 10:08:36,22.22,24000,22.21,U
sz000021,深科技,2025-09-19 10:08:42,22.21,30600,22.22,D
sz000021,深科技,2025-09-19 10:08:54,22.21,9200,22.21,D
sz000021,深科技,2025-09-19 10:09:03,22.19,12500,22.2,D
sz000021,深科技,2025-09-19 10:09:09,22.19,755600,22.2,D
sz000021,深科技,2025-09-19 10:09:12,22.19,20900,22.19,D
sz000021,深科技,2025-09-19 10:09:21,22.18,9900,22.19,D
sz000021,深科技,2025-09-19 10:09:33,22.18,38200,22.17,E
sz000021,深科技,2025-09-19 10:09:39,22.21,88500,22.19,U
sz000021,深科技,2025-09-19 10:09:48,22.23,146700,22.22,U
sz000021,深科技,2025-09-19 10:09:51,22.24,42900,22.23,U
sz000021,深科技,2025-09-19 10:09:54,22.25,93100,22.24,U
sz000021,深科技,2025-09-19 10:09:57,22.22,44600,22.25,D
sz000021,深科技,2025-09-19 10:10:03,22.23,71700,22.25,D
sz000021,深科技,2025-09-19 10:10:06,22.21,61700,22.23,D
sz000021,深科技,2025-09-19 10:10:09,22.2,85500,22.21,D
sz000021,深科技,2025-09-19 10:10:18,22.21,32300,22.24,D
sz000021,深科技,2025-09-19 10:10:21,22.2,31800,22.21,D
sz000021,深科技,2025-09-19 10:10:27,22.19,28400,22.2,D
sz000021,深科技,2025-09-19 10:10:33,22.17,12400,22.19,D
sz000021,深科技,2025-09-19 10:10:36,22.17,9500,22.17,D
sz000021,深科技,2025-09-19 10:10:39,22.18,9900,22.17,U
sz000021,深科技,2025-09-19 10:10:42,22.18,36700,22.18,U
sz000021,深科技,2025-09-19 10:10:48,22.17,20500,22.17,U
sz000021,深科技,2025-09-19 10:10:51,22.16,32100,22.17,D
sz000021,深科技,2025-09-19 10:10:54,22.15,18200,22.16,D
sz000021,深科技,2025-09-19 10:11:00,22.15,10200,22.14,U
sz000021,深科技,2025-09-19 10:11:03,22.15,57900,22.15,U
sz000021,深科技,2025-09-19 10:11:06,22.16,13300,22.15,U
sz000021,深科技,2025-09-19 10:11:09,22.16,104900,22.16,D
sz000021,深科技,2025-09-19 10:11:12,22.17,32300,22.16,U
sz000021,深科技,2025-09-19 10:11:15,22.17,17000,22.17,U
sz000021,深科技,2025-09-19 10:11:18,22.16,57700,22.17,D
sz000021,深科技,2025-09-19 10:11:21,22.16,28900,22.16,U
sz000021,深科技,2025-09-19 10:11:24,22.16,19100,22.16,U
sz000021,深科技,2025-09-19 10:11:30,22.16,32800,22.16,U
sz000021,深科技,2025-09-19 10:11:33,22.19,77100,22.16,U
sz000021,深科技,2025-09-19 10:11:36,22.19,11700,22.19,U
sz000021,深科技,2025-09-19 10:11:39,22.21,49300,22.19,U
sz000021,深科技,2025-09-19 10:11:42,22.2,22600,22.21,D
sz000021,深科技,2025-09-19 10:11:45,22.22,18700,22.2,U
sz000021,深科技,2025-09-19 10:11:48,22.21,12100,22.22,D
sz000021,深科技,2025-09-19 10:11:57,22.21,10600,22.22,D
sz000021,深科技,2025-09-19 10:12:15,22.2,9700,22.2,D
sz000021,深科技,2025-09-19 10:12:21,22.2,10100,22.2,U
sz000021,深科技,2025-09-19 10:12:27,22.22,19400,22.2,U
sz000021,深科技,2025-09-19 10:12:30,22.22,15600,22.22,U
sz000021,深科技,2025-09-19 10:12:33,22.22,38800,22.22,D
sz000021,深科技,2025-09-19 10:12:45,22.24,11900,22.24,D
sz000021,深科技,2025-09-19 10:12:48,22.25,19600,22.24,U
sz000021,深科技,2025-09-19 10:12:54,22.26,16800,22.26,U
sz000021,深科技,2025-09-19 10:12:57,22.27,10700,22.26,U
sz000021,深科技,2025-09-19 10:13:03,22.28,22400,22.27,U
sz000021,深科技,2025-09-19 10:13:12,22.28,13600,22.27,U
sz000021,深科技,2025-09-19 10:13:15,22.28,15100,22.28,U
sz000021,深科技,2025-09-19 10:13:18,22.29,18400,22.28,U
sz000021,深科技,2025-09-19 10:13:21,22.29,10000,22.29,U
sz000021,深科技,2025-09-19 10:13:24,22.3,55700,22.29,U
sz000021,深科技,2025-09-19 10:13:27,22.3,11900,22.3,D
sz000021,深科技,2025-09-19 10:13:33,22.3,36400,22.3,D
sz000021,深科技,2025-09-19 10:13:39,22.3,22000,22.29,U
sz000021,深科技,2025-09-19 10:13:54,22.29,17600,22.3,D
sz000021,深科技,2025-09-19 10:13:57,22.29,51100,22.29,D
sz000021,深科技,2025-09-19 10:14:00,22.29,89000,22.29,U
sz000021,深科技,2025-09-19 10:14:06,22.28,52900,22.26,E
sz000021,深科技,2025-09-19 10:14:15,22.28,52300,22.27,U
sz000021,深科技,2025-09-19 10:14:24,22.28,17700,22.25,U
sz000021,深科技,2025-09-19 10:14:27,22.28,206400,22.28,D
sz000021,深科技,2025-09-19 10:14:36,22.28,32600,22.28,D
sz000021,深科技,2025-09-19 10:14:42,22.27,40000,22.27,U
sz000021,深科技,2025-09-19 10:14:57,22.28,19800,22.28,D
sz000021,深科技,2025-09-19 10:15:03,22.28,10800,22.28,D
sz000021,深科技,2025-09-19 10:15:12,22.29,25100,22.29,U
sz000021,深科技,2025-09-19 10:15:15,22.3,46800,22.29,U
sz000021,深科技,2025-09-19 10:15:21,22.3,68600,22.29,U
sz000021,深科技,2025-09-19 10:15:27,22.32,34800,22.31,U
sz000021,深科技,2025-09-19 10:15:30,22.32,13600,22.32,U
sz000021,深科技,2025-09-19 10:15:36,22.31,10800,22.32,D
sz000021,深科技,2025-09-19 10:15:48,22.33,19900,22.32,U
sz000021,深科技,2025-09-19 10:15:51,22.33,12200,22.33,D
sz000021,深科技,2025-09-19 10:16:03,22.34,24100,22.35,D
sz000021,深科技,2025-09-19 10:16:06,22.35,35700,22.34,U
sz000021,深科技,2025-09-19 10:16:09,22.35,18200,22.35,U
sz000021,深科技,2025-09-19 10:16:18,22.35,25000,22.36,D
sz000021,深科技,2025-09-19 10:16:21,22.36,26500,22.35,U
sz000021,深科技,2025-09-19 10:16:27,22.34,11500,22.35,D
sz000021,深科技,2025-09-19 10:16:42,22.34,9800,22.35,D
sz000021,深科技,2025-09-19 10:16:48,22.34,26700,22.35,D
sz000021,深科技,2025-09-19 10:16:54,22.35,39000,22.34,U
sz000021,深科技,2025-09-19 10:17:00,22.35,11600,22.34,D
sz000021,深科技,2025-09-19 10:17:03,22.36,39700,22.35,U
sz000021,深科技,2025-09-19 10:17:06,22.36,16200,22.36,D
sz000021,深科技,2025-09-19 10:17:09,22.36,14500,22.36,D
sz000021,深科技,2025-09-19 10:17:12,22.37,10100,22.36,U
sz000021,深科技,2025-09-19 10:17:27,22.38,13800,22.36,U
sz000021,深科技,2025-09-19 10:17:42,22.37,50900,22.37,U
sz000021,深科技,2025-09-19 10:17:45,22.37,27800,22.37,D
sz000021,深科技,2025-09-19 10:17:51,22.39,10500,22.37,U
sz000021,深科技,2025-09-19 10:17:54,22.38,38900,22.39,D
sz000021,深科技,2025-09-19 10:17:57,22.38,13400,22.38,D
sz000021,深科技,2025-09-19 10:18:06,22.4,17200,22.39,U
sz000021,深科技,2025-09-19 10:18:09,22.4,9800,22.4,U
sz000021,深科技,2025-09-19 10:18:12,22.39,116600,22.4,D
sz000021,深科技,2025-09-19 10:18:15,22.39,27000,22.39,U
sz000021,深科技,2025-09-19 10:18:24,22.39,14700,22.4,U
sz000021,深科技,2025-09-19 10:18:42,22.37,30600,22.38,D
sz000021,深科技,2025-09-19 10:18:45,22.39,15200,22.37,U
sz000021,深科技,2025-09-19 10:18:51,22.38,21300,22.38,D
sz000021,深科技,2025-09-19 10:18:57,22.37,10500,22.38,D
sz000021,深科技,2025-09-19 10:19:06,22.37,25600,22.37,D
sz000021,深科技,2025-09-19 10:19:09,22.34,144500,22.37,D
sz000021,深科技,2025-09-19 10:19:15,22.35,26100,22.37,E
sz000021,深科技,2025-09-19 10:19:24,22.35,11500,22.36,D
sz000021,深科技,2025-09-19 10:19:39,22.34,111600,22.33,U
sz000021,深科技,2025-09-19 10:19:42,22.34,31500,22.34,D
sz000021,深科技,2025-09-19 10:19:54,22.35,14500,22.34,U
sz000021,深科技,2025-09-19 10:20:03,22.35,18300,22.35,U
sz000021,深科技,2025-09-19 10:20:09,22.36,13100,22.35,U
sz000021,深科技,2025-09-19 10:20:27,22.35,14000,22.35,D
sz000021,深科技,2025-09-19 10:20:33,22.35,14900,22.35,E
sz000021,深科技,2025-09-19 10:20:42,22.34,22400,22.34,D
sz000021,深科技,2025-09-19 10:20:57,22.33,9400,22.34,D
sz000021,深科技,2025-09-19 10:21:03,22.34,45200,22.33,U
sz000021,深科技,2025-09-19 10:21:06,22.34,32500,22.34,U
sz000021,深科技,2025-09-19 10:21:09,22.34,11600,22.34,U
sz000021,深科技,2025-09-19 10:21:12,22.34,11900,22.34,D
sz000021,深科技,2025-09-19 10:21:15,22.35,41100,22.34,U
sz000021,深科技,2025-09-19 10:21:18,22.34,51200,22.35,D
sz000021,深科技,2025-09-19 10:21:21,22.35,12400,22.34,E
sz000021,深科技,2025-09-19 10:21:24,22.36,22500,22.35,U
sz000021,深科技,2025-09-19 10:21:33,22.35,13800,22.35,U
sz000021,深科技,2025-09-19 10:21:36,22.35,14900,22.35,U
sz000021,深科技,2025-09-19 10:21:42,22.36,27800,22.35,U
sz000021,深科技,2025-09-19 10:21:45,22.38,70300,22.36,U
sz000021,深科技,2025-09-19 10:21:51,22.39,9400,22.39,U
sz000021,深科技,2025-09-19 10:21:57,22.39,17300,22.39,U
sz000021,深科技,2025-09-19 10:22:00,22.39,21400,22.39,U
sz000021,深科技,2025-09-19 10:22:03,22.39,13200,22.39,U
sz000021,深科技,2025-09-19 10:22:06,22.39,18500,22.39,U
sz000021,深科技,2025-09-19 10:22:12,22.39,11700,22.39,D
sz000021,深科技,2025-09-19 10:22:30,22.39,52700,22.4,D
sz000021,深科技,2025-09-19 10:22:39,22.4,15400,22.39,U
sz000021,深科技,2025-09-19 10:22:42,22.39,13700,22.4,D
sz000021,深科技,2025-09-19 10:22:45,22.4,52400,22.39,U
sz000021,深科技,2025-09-19 10:22:48,22.4,21200,22.4,U
sz000021,深科技,2025-09-19 10:22:57,22.37,14100,22.39,D
sz000021,深科技,2025-09-19 10:23:00,22.38,11100,22.37,U
sz000021,深科技,2025-09-19 10:23:06,22.39,21300,22.38,U
sz000021,深科技,2025-09-19 10:23:09,22.4,18200,22.39,U
sz000021,深科技,2025-09-19 10:23:12,22.39,43400,22.4,D
sz000021,深科技,2025-09-19 10:23:15,22.41,32400,22.39,U
sz000021,深科技,2025-09-19 10:23:18,22.41,21200,22.41,U
sz000021,深科技,2025-09-19 10:23:21,22.41,17400,22.41,U
sz000021,深科技,2025-09-19 10:23:24,22.42,19600,22.41,U
sz000021,深科技,2025-09-19 10:23:30,22.42,17900,22.42,U
sz000021,深科技,2025-09-19 10:23:36,22.44,42400,22.43,U
sz000021,深科技,2025-09-19 10:23:39,22.44,28900,22.44,U
sz000021,深科技,2025-09-19 10:23:42,22.44,9400,22.44,U
sz000021,深科技,2025-09-19 10:23:45,22.42,20600,22.44,D
sz000021,深科技,2025-09-19 10:24:00,22.43,23200,22.42,U
sz000021,深科技,2025-09-19 10:24:03,22.43,38300,22.43,U
sz000021,深科技,2025-09-19 10:24:06,22.42,11700,22.43,E
sz000021,深科技,2025-09-19 10:24:09,22.42,43300,22.42,U
sz000021,深科技,2025-09-19 10:24:12,22.41,11100,22.42,D
sz000021,深科技,2025-09-19 10:24:15,22.41,14500,22.41,U
sz000021,深科技,2025-09-19 10:24:18,22.41,19000,22.41,U
sz000021,深科技,2025-09-19 10:24:21,22.42,9300,22.41,U
sz000021,深科技,2025-09-19 10:24:24,22.41,14200,22.42,E
sz000021,深科技,2025-09-19 10:24:27,22.38,21600,22.41,D
sz000021,深科技,2025-09-19 10:24:30,22.4,29300,22.38,E
sz000021,深科技,2025-09-19 10:24:39,22.38,17400,22.41,D
sz000021,深科技,2025-09-19 10:24:54,22.38,48400,22.4,D
sz000021,深科技,2025-09-19 10:25:03,22.36,55600,22.41,D
sz000021,深科技,2025-09-19 10:25:06,22.36,50200,22.36,D
sz000021,深科技,2025-09-19 10:25:09,22.36,14300,22.36,U
sz000021,深科技,2025-09-19 10:25:27,22.34,12000,22.35,D
sz000021,深科技,2025-09-19 10:25:30,22.35,13600,22.34,U
sz000021,深科技,2025-09-19 10:25:33,22.34,11700,22.35,D
sz000021,深科技,2025-09-19 10:25:57,22.34,35800,22.34,D
sz000021,深科技,2025-09-19 10:26:24,22.37,20600,22.37,U
sz000021,深科技,2025-09-19 10:26:51,22.35,67300,22.37,D
sz000021,深科技,2025-09-19 10:27:27,22.37,18400,22.37,U
sz000021,深科技,2025-09-19 10:27:30,22.37,10100,22.37,U
sz000021,深科技,2025-09-19 10:27:33,22.36,20500,22.37,D
sz000021,深科技,2025-09-19 10:27:39,22.37,9700,22.37,U
sz000021,深科技,2025-09-19 10:27:51,22.38,64200,22.36,U
sz000021,深科技,2025-09-19 10:28:00,22.39,35100,22.38,U
sz000021,深科技,2025-09-19 10:28:06,22.4,10200,22.39,U
sz000021,深科技,2025-09-19 10:28:09,22.4,32900,22.4,U
sz000021,深科技,2025-09-19 10:28:12,22.4,10500,22.4,U
sz000021,深科技,2025-09-19 10:28:18,22.4,29000,22.4,D
sz000021,深科技,2025-09-19 10:28:30,22.4,23000,22.4,U
sz000021,深科技,2025-09-19 10:28:39,22.39,13500,22.39,U
sz000021,深科技,2025-09-19 10:28:57,22.39,30900,22.38,U
sz000021,深科技,2025-09-19 10:29:00,22.39,13800,22.39,D
sz000021,深科技,2025-09-19 10:29:12,22.37,13800,22.39,D
sz000021,深科技,2025-09-19 10:29:24,22.36,15300,22.37,D
sz000021,深科技,2025-09-19 10:29:42,22.35,15800,22.35,D
sz000021,深科技,2025-09-19 10:29:54,22.35,20300,22.36,D
sz000021,深科技,2025-09-19 10:30:00,22.35,27000,22.35,D
sz000021,深科技,2025-09-19 10:30:24,22.33,39000,22.32,U
sz000021,深科技,2025-09-19 10:30:27,22.35,10900,22.33,U
sz000021,深科技,2025-09-19 10:30:30,22.34,9500,22.35,D
sz000021,深科技,2025-09-19 10:30:33,22.35,12900,22.34,U
sz000021,深科技,2025-09-19 10:30:36,22.35,36600,22.35,U
sz000021,深科技,2025-09-19 10:30:39,22.34,17400,22.35,D
sz000021,深科技,2025-09-19 10:30:42,22.34,12200,22.34,U
sz000021,深科技,2025-09-19 10:30:54,22.33,11600,22.34,D
sz000021,深科技,2025-09-19 10:31:03,22.31,30600,22.33,D
sz000021,深科技,2025-09-19 10:31:06,22.32,22400,22.31,U
sz000021,深科技,2025-09-19 10:31:15,22.31,20000,22.31,U
sz000021,深科技,2025-09-19 10:31:30,22.31,14000,22.31,D
sz000021,深科技,2025-09-19 10:31:33,22.3,17000,22.31,D
sz000021,深科技,2025-09-19 10:31:45,22.31,9900,22.31,U
sz000021,深科技,2025-09-19 10:31:51,22.31,10700,22.3,U
sz000021,深科技,2025-09-19 10:31:54,22.3,18600,22.31,D
sz000021,深科技,2025-09-19 10:32:00,22.31,31400,22.3,U
sz000021,深科技,2025-09-19 10:32:09,22.29,12600,22.3,D
sz000021,深科技,2025-09-19 10:32:12,22.3,37900,22.29,U
sz000021,深科技,2025-09-19 10:32:27,22.26,53300,22.27,D
sz000021,深科技,2025-09-19 10:32:39,22.26,14200,22.26,U
sz000021,深科技,2025-09-19 10:32:42,22.27,106600,22.26,U
sz000021,深科技,2025-09-19 10:32:45,22.25,21500,22.27,D
sz000021,深科技,2025-09-19 10:32:54,22.27,10900,22.26,U
sz000021,深科技,2025-09-19 10:33:00,22.26,15800,22.26,U
sz000021,深科技,2025-09-19 10:33:06,22.25,19000,22.26,D
sz000021,深科技,2025-09-19 10:33:09,22.27,9200,22.25,U
sz000021,深科技,2025-09-19 10:33:12,22.28,23700,22.27,U
sz000021,深科技,2025-09-19 10:33:15,22.25,17200,22.28,D
sz000021,深科技,2025-09-19 10:33:21,22.26,12400,22.26,D
sz000021,深科技,2025-09-19 10:33:27,22.26,23100,22.28,D
sz000021,深科技,2025-09-19 10:33:30,22.26,13300,22.26,D
sz000021,深科技,2025-09-19 10:33:42,22.25,9200,22.26,D
sz000021,深科技,2025-09-19 10:33:45,22.25,39300,22.25,D
sz000021,深科技,2025-09-19 10:34:27,22.27,10200,22.27,D
sz000021,深科技,2025-09-19 10:35:03,22.28,26500,22.28,U
sz000021,深科技,2025-09-19 10:35:06,22.28,28700,22.28,D
sz000021,深科技,2025-09-19 10:35:09,22.27,18300,22.28,D
sz000021,深科技,2025-09-19 10:35:30,22.27,9200,22.26,U
sz000021,深科技,2025-09-19 10:35:51,22.29,31700,22.28,U
sz000021,深科技,2025-09-19 10:36:03,22.26,41800,22.27,D
sz000021,深科技,2025-09-19 10:36:12,22.26,18800,22.25,U
sz000021,深科技,2025-09-19 10:36:24,22.26,24500,22.25,U
sz000021,深科技,2025-09-19 10:36:27,22.25,10300,22.26,D
sz000021,深科技,2025-09-19 10:36:30,22.26,10400,22.25,U
sz000021,深科技,2025-09-19 10:36:33,22.25,29200,22.26,D
sz000021,深科技,2025-09-19 10:36:45,22.23,28400,22.24,D
sz000021,深科技,2025-09-19 10:37:00,22.21,34100,22.23,D
sz000021,深科技,2025-09-19 10:37:03,22.19,71300,22.21,D
sz000021,深科技,2025-09-19 10:37:06,22.2,13900,22.19,U
sz000021,深科技,2025-09-19 10:37:09,22.2,13300,22.2,U
sz000021,深科技,2025-09-19 10:37:18,22.19,57700,22.17,U
sz000021,深科技,2025-09-19 10:37:21,22.18,23200,22.19,D
sz000021,深科技,2025-09-19 10:37:24,22.18,11900,22.18,U
sz000021,深科技,2025-09-19 10:37:27,22.15,262700,22.18,D
sz000021,深科技,2025-09-19 10:37:30,22.22,16800,22.15,U
sz000021,深科技,2025-09-19 10:37:36,22.19,12000,22.19,D
sz000021,深科技,2025-09-19 10:37:39,22.2,14700,22.19,U
sz000021,深科技,2025-09-19 10:37:42,22.18,24100,22.2,E
sz000021,深科技,2025-09-19 10:37:54,22.18,19700,22.19,D
sz000021,深科技,2025-09-19 10:38:24,22.19,10800,22.2,D
sz000021,深科技,2025-09-19 10:38:39,22.2,22400,22.2,U
sz000021,深科技,2025-09-19 10:38:42,22.2,131400,22.2,D
sz000021,深科技,2025-09-19 10:38:45,22.2,16600,22.2,D
sz000021,深科技,2025-09-19 10:38:48,22.18,28200,22.2,D
sz000021,深科技,2025-09-19 10:38:51,22.16,18700,22.18,D
sz000021,深科技,2025-09-19 10:38:57,22.16,9800,22.19,D
sz000021,深科技,2025-09-19 10:39:03,22.16,59000,22.18,D
sz000021,深科技,2025-09-19 10:39:06,22.17,36900,22.16,U
sz000021,深科技,2025-09-19 10:39:12,22.16,10400,22.17,D
sz000021,深科技,2025-09-19 10:39:21,22.2,105800,22.18,U
sz000021,深科技,2025-09-19 10:39:30,22.2,10200,22.2,U
sz000021,深科技,2025-09-19 10:39:36,22.19,10400,22.19,D
sz000021,深科技,2025-09-19 10:39:42,22.19,15000,22.2,D
sz000021,深科技,2025-09-19 10:39:48,22.2,30300,22.2,U
sz000021,深科技,2025-09-19 10:40:09,22.19,17500,22.2,D
sz000021,深科技,2025-09-19 10:40:21,22.21,53700,22.2,U
sz000021,深科技,2025-09-19 10:40:30,22.21,12700,22.21,U
sz000021,深科技,2025-09-19 10:40:45,22.2,15800,22.2,D
sz000021,深科技,2025-09-19 10:40:51,22.21,36600,22.2,U
sz000021,深科技,2025-09-19 10:40:54,22.2,17700,22.21,D
sz000021,深科技,2025-09-19 10:41:03,22.2,16500,22.2,D
sz000021,深科技,2025-09-19 10:41:06,22.21,15400,22.2,E
sz000021,深科技,2025-09-19 10:41:18,22.2,9600,22.21,D
sz000021,深科技,2025-09-19 10:41:21,22.21,21900,22.2,U
sz000021,深科技,2025-09-19 10:41:24,22.23,44200,22.21,U
sz000021,深科技,2025-09-19 10:41:27,22.24,15600,22.23,U
sz000021,深科技,2025-09-19 10:41:36,22.24,25900,22.25,E
sz000021,深科技,2025-09-19 10:41:39,22.26,30300,22.24,U
sz000021,深科技,2025-09-19 10:41:57,22.25,23700,22.26,D
sz000021,深科技,2025-09-19 10:42:00,22.24,19100,22.25,D
sz000021,深科技,2025-09-19 10:42:18,22.22,21900,22.23,D
sz000021,深科技,2025-09-19 10:42:54,22.22,52800,22.23,D
sz000021,深科技,2025-09-19 10:43:12,22.21,29200,22.23,D
sz000021,深科技,2025-09-19 10:43:21,22.21,14700,22.21,D
sz000021,深科技,2025-09-19 10:43:39,22.2,30800,22.21,D
sz000021,深科技,2025-09-19 10:43:42,22.21,13000,22.2,U
sz000021,深科技,2025-09-19 10:43:48,22.2,50400,22.21,D
sz000021,深科技,2025-09-19 10:44:15,22.21,12900,22.21,U
sz000021,深科技,2025-09-19 10:44:42,22.22,10400,22.21,U
sz000021,深科技,2025-09-19 10:44:54,22.22,17100,22.21,U
sz000021,深科技,2025-09-19 10:45:24,22.23,34100,22.24,D
sz000021,深科技,2025-09-19 10:45:27,22.23,14400,22.23,U
sz000021,深科技,2025-09-19 10:45:30,22.23,11400,22.23,U
sz000021,深科技,2025-09-19 10:45:36,22.23,10700,22.22,U
sz000021,深科技,2025-09-19 10:45:39,22.23,47100,22.23,D
sz000021,深科技,2025-09-19 10:45:54,22.22,15000,22.24,D
sz000021,深科技,2025-09-19 10:46:21,22.24,20500,22.23,U
sz000021,深科技,2025-09-19 10:46:27,22.25,9000,22.24,U
sz000021,深科技,2025-09-19 10:46:39,22.21,92300,22.25,D
sz000021,深科技,2025-09-19 10:46:42,22.23,15700,22.21,U
sz000021,深科技,2025-09-19 10:46:45,22.24,24500,22.23,U
sz000021,深科技,2025-09-19 10:46:48,22.24,25400,22.24,U
sz000021,深科技,2025-09-19 10:46:51,22.23,31300,22.24,U
sz000021,深科技,2025-09-19 10:47:03,22.22,17900,22.22,D
sz000021,深科技,2025-09-19 10:47:06,22.23,9900,22.22,U
sz000021,深科技,2025-09-19 10:47:09,22.23,10300,22.23,U
sz000021,深科技,2025-09-19 10:47:27,22.25,10300,22.24,U
sz000021,深科技,2025-09-19 10:47:54,22.26,18100,22.25,U
sz000021,深科技,2025-09-19 10:47:57,22.24,20500,22.26,D
sz000021,深科技,2025-09-19 10:48:03,22.24,22000,22.24,U
sz000021,深科技,2025-09-19 10:48:06,22.2,80100,22.24,D
sz000021,深科技,2025-09-19 10:48:09,22.2,51700,22.2,D
sz000021,深科技,2025-09-19 10:48:24,22.2,11700,22.2,U
sz000021,深科技,2025-09-19 10:48:30,22.2,71400,22.2,U
sz000021,深科技,2025-09-19 10:48:36,22.2,46300,22.21,D
sz000021,深科技,2025-09-19 10:49:00,22.16,130700,22.18,D
sz000021,深科技,2025-09-19 10:49:03,22.14,97800,22.16,D
sz000021,深科技,2025-09-19 10:49:12,22.13,14500,22.13,D
sz000021,深科技,2025-09-19 10:49:15,22.13,15000,22.13,D
sz000021,深科技,2025-09-19 10:49:18,22.13,20500,22.13,U
sz000021,深科技,2025-09-19 10:49:24,22.12,86500,22.13,E
sz000021,深科技,2025-09-19 10:49:27,22.12,46000,22.12,U
sz000021,深科技,2025-09-19 10:49:30,22.11,13300,22.12,D
sz000021,深科技,2025-09-19 10:49:33,22.12,12900,22.11,U
sz000021,深科技,2025-09-19 10:49:39,22.1,11100,22.12,D
sz000021,深科技,2025-09-19 10:49:45,22.12,16700,22.12,U
sz000021,深科技,2025-09-19 10:49:51,22.11,13200,22.1,U
sz000021,深科技,2025-09-19 10:49:54,22.1,21600,22.11,D
sz000021,深科技,2025-09-19 10:49:57,22.1,66800,22.1,D
sz000021,深科技,2025-09-19 10:50:00,22.1,17500,22.1,D
sz000021,深科技,2025-09-19 10:50:06,22.11,16300,22.12,D
sz000021,深科技,2025-09-19 10:50:18,22.13,9500,22.12,D
sz000021,深科技,2025-09-19 10:50:30,22.14,10400,22.16,D
sz000021,深科技,2025-09-19 10:50:42,22.14,13900,22.14,D
sz000021,深科技,2025-09-19 10:51:00,22.13,10300,22.14,D
sz000021,深科技,2025-09-19 10:51:09,22.12,236000,22.12,D
sz000021,深科技,2025-09-19 10:51:12,22.13,11500,22.12,E
sz000021,深科技,2025-09-19 10:51:15,22.11,18200,22.13,D
sz000021,深科技,2025-09-19 10:51:18,22.15,12400,22.11,U
sz000021,深科技,2025-09-19 10:51:33,22.15,16000,22.13,U
sz000021,深科技,2025-09-19 10:51:45,22.16,44300,22.14,U
sz000021,深科技,2025-09-19 10:51:54,22.14,11100,22.16,D
sz000021,深科技,2025-09-19 10:52:00,22.15,11000,22.16,U
sz000021,深科技,2025-09-19 10:52:27,22.15,44300,22.14,U
sz000021,深科技,2025-09-19 10:52:42,22.11,42300,22.12,D
sz000021,深科技,2025-09-19 10:52:48,22.12,67600,22.12,U
sz000021,深科技,2025-09-19 10:53:00,22.1,9700,22.11,D
sz000021,深科技,2025-09-19 10:53:06,22.1,9100,22.1,D
sz000021,深科技,2025-09-19 10:53:12,22.1,13800,22.1,U
sz000021,深科技,2025-09-19 10:53:18,22.08,13500,22.1,D
sz000021,深科技,2025-09-19 10:53:27,22.09,13800,22.1,D
sz000021,深科技,2025-09-19 10:53:36,22.1,13200,22.09,U
sz000021,深科技,2025-09-19 10:53:48,22.07,9800,22.08,D
sz000021,深科技,2025-09-19 10:53:57,22.06,29600,22.07,D
sz000021,深科技,2025-09-19 10:54:00,22.06,256100,22.06,U
sz000021,深科技,2025-09-19 10:54:03,22.07,15700,22.06,U
sz000021,深科技,2025-09-19 10:54:06,22.05,64400,22.07,D
sz000021,深科技,2025-09-19 10:54:09,22.05,14800,22.05,D
sz000021,深科技,2025-09-19 10:54:12,22.05,13800,22.05,D
sz000021,深科技,2025-09-19 10:54:15,22.06,11100,22.05,D
sz000021,深科技,2025-09-19 10:54:21,22.05,12900,22.06,D
sz000021,深科技,2025-09-19 10:54:24,22.05,20800,22.05,U
sz000021,深科技,2025-09-19 10:54:27,22.05,9100,22.05,D
sz000021,深科技,2025-09-19 10:54:39,22.05,12100,22.05,D
sz000021,深科技,2025-09-19 10:54:45,22.05,88900,22.05,U
sz000021,深科技,2025-09-19 10:54:48,22.05,74800,22.05,U
sz000021,深科技,2025-09-19 10:54:51,22.06,16200,22.05,U
sz000021,深科技,2025-09-19 10:54:54,22.03,11900,22.06,D
sz000021,深科技,2025-09-19 10:55:06,22.01,63200,22.04,D
sz000021,深科技,2025-09-19 10:55:09,22.04,21400,22.01,E
sz000021,深科技,2025-09-19 10:55:12,22.04,16200,22.04,E
sz000021,深科技,2025-09-19 10:55:18,22.03,14100,22.04,D
sz000021,深科技,2025-09-19 10:55:21,22.03,12500,22.03,U
sz000021,深科技,2025-09-19 10:55:24,22.01,26200,22.03,D
sz000021,深科技,2025-09-19 10:55:27,22.04,40200,22.01,U
sz000021,深科技,2025-09-19 10:55:30,22.04,11900,22.04,U
sz000021,深科技,2025-09-19 10:55:33,22.03,13500,22.04,D
sz000021,深科技,2025-09-19 10:55:36,22.03,14700,22.03,D
sz000021,深科技,2025-09-19 10:55:39,22.06,20000,22.03,U
sz000021,深科技,2025-09-19 10:55:48,22.06,16700,22.06,U
sz000021,深科技,2025-09-19 10:55:51,22.06,14200,22.06,D
sz000021,深科技,2025-09-19 10:56:03,22.07,14300,22.06,U
sz000021,深科技,2025-09-19 10:56:06,22.05,31000,22.07,D
sz000021,深科技,2025-09-19 10:56:09,22.07,10000,22.05,U
sz000021,深科技,2025-09-19 10:56:15,22.05,10900,22.06,D
sz000021,深科技,2025-09-19 10:56:30,22.05,22400,22.05,U
sz000021,深科技,2025-09-19 10:56:33,22.05,49200,22.05,U
sz000021,深科技,2025-09-19 10:56:36,22.05,10500,22.05,U
sz000021,深科技,2025-09-19 10:56:39,22.04,9300,22.05,E
sz000021,深科技,2025-09-19 10:56:48,22.03,9700,22.05,D
sz000021,深科技,2025-09-19 10:56:57,22.02,11400,22.02,D
sz000021,深科技,2025-09-19 10:57:00,22.02,27100,22.02,U
sz000021,深科技,2025-09-19 10:57:03,22.01,24600,22.02,D
sz000021,深科技,2025-09-19 10:57:06,22.03,58300,22.01,U
sz000021,深科技,2025-09-19 10:57:09,22.04,14900,22.03,U
sz000021,深科技,2025-09-19 10:57:27,22.05,32100,22.03,U
sz000021,深科技,2025-09-19 10:57:54,22.03,11400,22.04,D
sz000021,深科技,2025-09-19 10:58:03,22.03,14600,22.03,U
sz000021,深科技,2025-09-19 10:58:09,22.02,12100,22.03,D
sz000021,深科技,2025-09-19 10:58:27,22.02,10800,22.02,U
sz000021,深科技,2025-09-19 10:58:30,22.01,38100,22.02,D
sz000021,深科技,2025-09-19 10:58:36,22.02,70700,22.01,U
sz000021,深科技,2025-09-19 10:58:39,22.01,22000,22.02,D
sz000021,深科技,2025-09-19 10:58:45,22.01,13400,22.02,D
sz000021,深科技,2025-09-19 10:58:51,22.0,35100,22.0,D
sz000021,深科技,2025-09-19 10:58:54,22.01,17200,22.0,U
sz000021,深科技,2025-09-19 10:58:57,22.02,180500,22.01,U
sz000021,深科技,2025-09-19 10:59:00,22.02,16400,22.02,U
sz000021,深科技,2025-09-19 10:59:03,22.04,21800,22.02,U
sz000021,深科技,2025-09-19 10:59:06,22.05,28200,22.04,U
sz000021,深科技,2025-09-19 10:59:09,22.06,74800,22.05,U
sz000021,深科技,2025-09-19 10:59:12,22.05,21600,22.06,D
sz000021,深科技,2025-09-19 10:59:15,22.06,27300,22.05,D
sz000021,深科技,2025-09-19 10:59:18,22.08,34500,22.06,U
sz000021,深科技,2025-09-19 10:59:21,22.07,20600,22.08,D
sz000021,深科技,2025-09-19 10:59:24,22.08,12700,22.07,U
sz000021,深科技,2025-09-19 10:59:27,22.08,14800,22.08,U
sz000021,深科技,2025-09-19 10:59:30,22.08,41000,22.08,U
sz000021,深科技,2025-09-19 10:59:33,22.09,15400,22.08,U
sz000021,深科技,2025-09-19 10:59:36,22.08,26500,22.09,D
sz000021,深科技,2025-09-19 10:59:42,22.06,9300,22.09,D
sz000021,深科技,2025-09-19 10:59:51,22.09,32900,22.09,U
sz000021,深科技,2025-09-19 11:00:03,22.09,33400,22.1,D
sz000021,深科技,2025-09-19 11:00:09,22.09,18000,22.1,D
sz000021,深科技,2025-09-19 11:00:18,22.11,15700,22.1,U
sz000021,深科技,2025-09-19 11:00:30,22.1,18200,22.11,D
sz000021,深科技,2025-09-19 11:00:39,22.11,20700,22.11,U
sz000021,深科技,2025-09-19 11:00:45,22.11,17300,22.11,U
sz000021,深科技,2025-09-19 11:01:03,22.09,10200,22.1,D
sz000021,深科技,2025-09-19 11:01:12,22.08,14100,22.09,D
sz000021,深科技,2025-09-19 11:01:30,22.07,13300,22.07,D
sz000021,深科技,2025-09-19 11:01:42,22.07,19800,22.08,D
sz000021,深科技,2025-09-19 11:01:54,22.07,25900,22.07,D
sz000021,深科技,2025-09-19 11:02:00,22.07,33400,22.07,D
sz000021,深科技,2025-09-19 11:02:06,22.07,10900,22.07,D
sz000021,深科技,2025-09-19 11:02:45,22.08,24700,22.08,D
sz000021,深科技,2025-09-19 11:02:51,22.07,9100,22.09,D
sz000021,深科技,2025-09-19 11:02:57,22.08,11900,22.08,U
sz000021,深科技,2025-09-19 11:03:00,22.09,9700,22.08,U
sz000021,深科技,2025-09-19 11:03:12,22.1,18900,22.08,U
sz000021,深科技,2025-09-19 11:03:18,22.11,42700,22.1,U
sz000021,深科技,2025-09-19 11:03:21,22.13,27900,22.11,U
sz000021,深科技,2025-09-19 11:03:24,22.12,29200,22.13,D
sz000021,深科技,2025-09-19 11:03:27,22.13,15400,22.12,U
sz000021,深科技,2025-09-19 11:03:30,22.15,11100,22.13,U
sz000021,深科技,2025-09-19 11:03:45,22.11,47900,22.13,D
sz000021,深科技,2025-09-19 11:03:48,22.1,22000,22.11,D
sz000021,深科技,2025-09-19 11:03:57,22.11,49000,22.1,U
sz000021,深科技,2025-09-19 11:04:00,22.1,9400,22.11,U
sz000021,深科技,2025-09-19 11:04:06,22.09,11800,22.1,D
sz000021,深科技,2025-09-19 11:04:09,22.08,20900,22.09,D
sz000021,深科技,2025-09-19 11:04:18,22.12,29600,22.1,U
sz000021,深科技,2025-09-19 11:04:30,22.08,11700,22.08,D
sz000021,深科技,2025-09-19 11:04:54,22.08,10600,22.08,D
sz000021,深科技,2025-09-19 11:05:15,22.09,10800,22.1,D
sz000021,深科技,2025-09-19 11:05:18,22.1,12300,22.09,U
sz000021,深科技,2025-09-19 11:06:21,22.11,27000,22.13,D
sz000021,深科技,2025-09-19 11:06:27,22.11,16200,22.1,U
sz000021,深科技,2025-09-19 11:06:30,22.12,15300,22.11,U
sz000021,深科技,2025-09-19 11:06:54,22.09,18900,22.1,D
sz000021,深科技,2025-09-19 11:07:00,22.1,11500,22.09,U
sz000021,深科技,2025-09-19 11:07:03,22.11,16000,22.1,U
sz000021,深科技,2025-09-19 11:07:09,22.1,52600,22.11,D
sz000021,深科技,2025-09-19 11:07:12,22.11,13300,22.1,U
sz000021,深科技,2025-09-19 11:07:33,22.12,15300,22.12,U
sz000021,深科技,2025-09-19 11:07:45,22.11,15000,22.12,D
sz000021,深科技,2025-09-19 11:07:57,22.13,23200,22.12,U
sz000021,深科技,2025-09-19 11:08:06,22.14,40300,22.13,U
sz000021,深科技,2025-09-19 11:08:09,22.15,10800,22.14,U
sz000021,深科技,2025-09-19 11:08:12,22.13,11900,22.15,D
sz000021,深科技,2025-09-19 11:08:45,22.18,12100,22.16,U
sz000021,深科技,2025-09-19 11:08:51,22.18,10000,22.16,U
sz000021,深科技,2025-09-19 11:08:54,22.17,12600,22.18,D
sz000021,深科技,2025-09-19 11:09:03,22.15,13200,22.17,D
sz000021,深科技,2025-09-19 11:09:18,22.14,11900,22.15,D
sz000021,深科技,2025-09-19 11:09:42,22.11,15200,22.11,D
sz000021,深科技,2025-09-19 11:09:48,22.1,12000,22.11,D
sz000021,深科技,2025-09-19 11:10:03,22.1,14400,22.1,D
sz000021,深科技,2025-09-19 11:10:15,22.12,43400,22.1,U
sz000021,深科技,2025-09-19 11:10:33,22.15,10300,22.14,U
sz000021,深科技,2025-09-19 11:10:54,22.13,9400,22.14,D
sz000021,深科技,2025-09-19 11:11:15,22.12,50300,22.12,U
sz000021,深科技,2025-09-19 11:11:24,22.1,41000,22.14,D
sz000021,深科技,2025-09-19 11:11:27,22.1,27900,22.1,U
sz000021,深科技,2025-09-19 11:12:06,22.12,12800,22.11,U
sz000021,深科技,2025-09-19 11:12:36,22.11,11100,22.12,D
sz000021,深科技,2025-09-19 11:12:54,22.11,47000,22.11,U
sz000021,深科技,2025-09-19 11:13:57,22.13,12000,22.12,U
sz000021,深科技,2025-09-19 11:14:00,22.13,21900,22.13,U
sz000021,深科技,2025-09-19 11:14:33,22.14,10600,22.16,D
sz000021,深科技,2025-09-19 11:14:57,22.11,13000,22.12,D
sz000021,深科技,2025-09-19 11:15:00,22.11,49500,22.11,D
sz000021,深科技,2025-09-19 11:15:15,22.09,24500,22.1,D
sz000021,深科技,2025-09-19 11:15:18,22.08,10100,22.09,D
sz000021,深科技,2025-09-19 11:15:24,22.07,53700,22.09,D
sz000021,深科技,2025-09-19 11:15:36,22.07,32100,22.07,D
sz000021,深科技,2025-09-19 11:16:06,22.08,12200,22.09,D
sz000021,深科技,2025-09-19 11:16:48,22.09,9700,22.08,U
sz000021,深科技,2025-09-19 11:16:54,22.08,48700,22.08,D
sz000021,深科技,2025-09-19 11:17:18,22.07,21500,22.07,D
sz000021,深科技,2025-09-19 11:17:33,22.06,13100,22.06,D
sz000021,深科技,2025-09-19 11:17:39,22.07,15000,22.07,U
sz000021,深科技,2025-09-19 11:17:42,22.08,94900,22.07,U
sz000021,深科技,2025-09-19 11:18:30,22.1,41400,22.13,D
sz000021,深科技,2025-09-19 11:18:33,22.11,15300,22.1,U
sz000021,深科技,2025-09-19 11:19:00,22.1,31000,22.1,U
sz000021,深科技,2025-09-19 11:19:12,22.1,11300,22.1,U
sz000021,深科技,2025-09-19 11:19:15,22.09,15200,22.1,D
sz000021,深科技,2025-09-19 11:19:39,22.11,14300,22.11,U
sz000021,深科技,2025-09-19 11:19:54,22.09,40400,22.1,D
sz000021,深科技,2025-09-19 11:20:06,22.1,11300,22.1,U
sz000021,深科技,2025-09-19 11:20:12,22.08,10000,22.09,D
sz000021,深科技,2025-09-19 11:20:15,22.09,13900,22.08,E
sz000021,深科技,2025-09-19 11:20:18,22.08,10100,22.09,D
sz000021,深科技,2025-09-19 11:20:36,22.08,16600,22.08,D
sz000021,深科技,2025-09-19 11:20:42,22.07,33200,22.08,D
sz000021,深科技,2025-09-19 11:20:48,22.07,12500,22.08,D
sz000021,深科技,2025-09-19 11:20:57,22.07,20000,22.07,D
sz000021,深科技,2025-09-19 11:21:00,22.08,10200,22.07,U
sz000021,深科技,2025-09-19 11:21:06,22.09,21800,22.08,U
sz000021,深科技,2025-09-19 11:21:51,22.08,29800,22.08,D
sz000021,深科技,2025-09-19 11:21:54,22.08,19300,22.08,U
sz000021,深科技,2025-09-19 11:21:57,22.09,44000,22.08,U
sz000021,深科技,2025-09-19 11:22:18,22.1,15900,22.09,U
sz000021,深科技,2025-09-19 11:22:21,22.11,28800,22.1,U
sz000021,深科技,2025-09-19 11:22:36,22.11,21300,22.12,D
sz000021,深科技,2025-09-19 11:23:09,22.12,26600,22.11,U
sz000021,深科技,2025-09-19 11:23:12,22.12,23700,22.12,D
sz000021,深科技,2025-09-19 11:23:36,22.14,12200,22.14,U
sz000021,深科技,2025-09-19 11:23:42,22.14,11800,22.14,U
sz000021,深科技,2025-09-19 11:23:54,22.15,12700,22.15,U
sz000021,深科技,2025-09-19 11:23:57,22.15,11100,22.15,D
sz000021,深科技,2025-09-19 11:24:09,22.15,11700,22.16,D
sz000021,深科技,2025-09-19 11:24:57,22.16,15300,22.15,U
sz000021,深科技,2025-09-19 11:25:12,22.14,19400,22.14,E
sz000021,深科技,2025-09-19 11:25:24,22.13,10400,22.14,D
sz000021,深科技,2025-09-19 11:25:30,22.13,29200,22.14,D
sz000021,深科技,2025-09-19 11:25:57,22.14,10000,22.12,U
sz000021,深科技,2025-09-19 11:26:03,22.13,13700,22.14,D
sz000021,深科技,2025-09-19 11:26:06,22.12,17600,22.13,D
sz000021,深科技,2025-09-19 11:26:45,22.12,22200,22.13,D
sz000021,深科技,2025-09-19 11:27:09,22.11,20100,22.12,D
sz000021,深科技,2025-09-19 11:27:42,22.11,11300,22.11,D
sz000021,深科技,2025-09-19 11:27:48,22.12,14800,22.11,U
sz000021,深科技,2025-09-19 11:28:06,22.12,18200,22.12,D
sz000021,深科技,2025-09-19 11:28:15,22.13,9900,22.12,U
sz000021,深科技,2025-09-19 11:28:42,22.13,15600,22.13,U
sz000021,深科技,2025-09-19 11:29:00,22.14,15700,22.14,U
sz000021,深科技,2025-09-19 11:29:30,22.15,27200,22.15,U
sz000021,深科技,2025-09-19 11:29:36,22.15,9100,22.15,U
sz000021,深科技,2025-09-19 11:30:00,22.15,11800,22.15,U
sz000021,深科技,2025-09-19 13:00:00,22.16,36300,22.15,U
sz000021,深科技,2025-09-19 13:00:03,22.16,119300,22.16,D
sz000021,深科技,2025-09-19 13:00:06,22.15,20100,22.16,E
sz000021,深科技,2025-09-19 13:00:09,22.14,53000,22.15,D
sz000021,深科技,2025-09-19 13:00:12,22.16,18200,22.14,U
sz000021,深科技,2025-09-19 13:00:36,22.15,14600,22.14,U
sz000021,深科技,2025-09-19 13:00:48,22.15,27100,22.14,U
sz000021,深科技,2025-09-19 13:00:54,22.15,20400,22.13,U
sz000021,深科技,2025-09-19 13:01:12,22.15,14100,22.16,D
sz000021,深科技,2025-09-19 13:01:30,22.15,23300,22.18,D
sz000021,深科技,2025-09-19 13:01:33,22.18,14100,22.15,E
sz000021,深科技,2025-09-19 13:01:39,22.17,12700,22.18,D
sz000021,深科技,2025-09-19 13:01:42,22.17,9800,22.17,D
sz000021,深科技,2025-09-19 13:01:45,22.17,19000,22.17,U
sz000021,深科技,2025-09-19 13:02:03,22.2,47500,22.19,U
sz000021,深科技,2025-09-19 13:02:06,22.2,63600,22.2,U
sz000021,深科技,2025-09-19 13:02:09,22.22,13400,22.2,U
sz000021,深科技,2025-09-19 13:02:12,22.23,12300,22.22,U
sz000021,深科技,2025-09-19 13:02:15,22.23,24100,22.23,U
sz000021,深科技,2025-09-19 13:02:18,22.25,15100,22.23,U
sz000021,深科技,2025-09-19 13:02:24,22.25,13900,22.25,U
sz000021,深科技,2025-09-19 13:02:27,22.25,19900,22.25,U
sz000021,深科技,2025-09-19 13:02:30,22.25,10100,22.25,U
sz000021,深科技,2025-09-19 13:02:33,22.25,50700,22.25,D
sz000021,深科技,2025-09-19 13:02:36,22.25,33500,22.25,U
sz000021,深科技,2025-09-19 13:02:39,22.26,38200,22.25,U
sz000021,深科技,2025-09-19 13:02:42,22.27,12800,22.26,U
sz000021,深科技,2025-09-19 13:02:45,22.28,9100,22.27,U
sz000021,深科技,2025-09-19 13:02:48,22.28,17200,22.28,U
sz000021,深科技,2025-09-19 13:03:03,22.26,14000,22.26,D
sz000021,深科技,2025-09-19 13:03:06,22.26,9000,22.26,U
sz000021,深科技,2025-09-19 13:03:09,22.26,12300,22.26,U
sz000021,深科技,2025-09-19 13:03:12,22.28,39000,22.26,U
sz000021,深科技,2025-09-19 13:03:15,22.26,13200,22.28,D
sz000021,深科技,2025-09-19 13:03:18,22.28,13000,22.26,U
sz000021,深科技,2025-09-19 13:03:24,22.32,213900,22.28,U
sz000021,深科技,2025-09-19 13:03:27,22.35,89500,22.32,U
sz000021,深科技,2025-09-19 13:03:33,22.36,24200,22.35,U
sz000021,深科技,2025-09-19 13:03:39,22.36,14900,22.33,U
sz000021,深科技,2025-09-19 13:03:42,22.36,20200,22.36,U
sz000021,深科技,2025-09-19 13:03:45,22.34,18400,22.36,D
sz000021,深科技,2025-09-19 13:03:48,22.35,38000,22.34,U
sz000021,深科技,2025-09-19 13:03:51,22.35,19000,22.35,U
sz000021,深科技,2025-09-19 13:03:54,22.36,14700,22.35,U
sz000021,深科技,2025-09-19 13:03:57,22.37,27000,22.36,U
sz000021,深科技,2025-09-19 13:04:03,22.38,56500,22.37,U
sz000021,深科技,2025-09-19 13:04:06,22.4,148251,22.38,U
sz000021,深科技,2025-09-19 13:04:09,22.42,342200,22.4,U
sz000021,深科技,2025-09-19 13:04:12,22.45,118700,22.42,U
sz000021,深科技,2025-09-19 13:04:15,22.42,29100,22.45,D
sz000021,深科技,2025-09-19 13:04:18,22.43,153800,22.42,E
sz000021,深科技,2025-09-19 13:04:21,22.4,56000,22.43,D
sz000021,深科技,2025-09-19 13:04:24,22.41,32900,22.4,U
sz000021,深科技,2025-09-19 13:04:27,22.4,49800,22.41,D
sz000021,深科技,2025-09-19 13:04:33,22.41,76500,22.42,D
sz000021,深科技,2025-09-19 13:04:39,22.4,24700,22.4,D
sz000021,深科技,2025-09-19 13:04:45,22.39,28700,22.4,D
sz000021,深科技,2025-09-19 13:04:51,22.41,224400,22.39,U
sz000021,深科技,2025-09-19 13:04:54,22.42,46900,22.41,U
sz000021,深科技,2025-09-19 13:04:57,22.41,40600,22.42,D
sz000021,深科技,2025-09-19 13:05:00,22.43,10000,22.41,E
sz000021,深科技,2025-09-19 13:05:03,22.45,80400,22.43,U
sz000021,深科技,2025-09-19 13:05:06,22.45,246400,22.45,U
sz000021,深科技,2025-09-19 13:05:09,22.48,38300,22.45,U
sz000021,深科技,2025-09-19 13:05:12,22.48,67100,22.48,U
sz000021,深科技,2025-09-19 13:05:15,22.47,178800,22.48,D
sz000021,深科技,2025-09-19 13:05:18,22.46,92200,22.47,D
sz000021,深科技,2025-09-19 13:05:21,22.48,62700,22.46,E
sz000021,深科技,2025-09-19 13:05:24,22.47,65100,22.48,D
sz000021,深科技,2025-09-19 13:05:27,22.5,39900,22.47,U
sz000021,深科技,2025-09-19 13:05:30,22.49,12400,22.5,U
sz000021,深科技,2025-09-19 13:05:33,22.49,61900,22.49,U
sz000021,深科技,2025-09-19 13:05:36,22.5,26400,22.49,U
sz000021,深科技,2025-09-19 13:05:39,22.5,27100,22.5,U
sz000021,深科技,2025-09-19 13:05:42,22.5,77000,22.5,U
sz000021,深科技,2025-09-19 13:05:45,22.5,48400,22.5,U
sz000021,深科技,2025-09-19 13:05:48,22.5,98600,22.5,U
sz000021,深科技,2025-09-19 13:05:51,22.49,81500,22.5,E
sz000021,深科技,2025-09-19 13:05:54,22.5,51100,22.49,U
sz000021,深科技,2025-09-19 13:05:57,22.5,81000,22.5,U
sz000021,深科技,2025-09-19 13:06:00,22.49,22100,22.5,D
sz000021,深科技,2025-09-19 13:06:03,22.5,69600,22.49,U
sz000021,深科技,2025-09-19 13:06:06,22.5,89500,22.5,U
sz000021,深科技,2025-09-19 13:06:09,22.49,89200,22.5,D
sz000021,深科技,2025-09-19 13:06:12,22.5,43800,22.49,U
sz000021,深科技,2025-09-19 13:06:15,22.5,77000,22.5,U
sz000021,深科技,2025-09-19 13:06:18,22.5,29500,22.5,U
sz000021,深科技,2025-09-19 13:06:21,22.49,10500,22.5,D
sz000021,深科技,2025-09-19 13:06:24,22.48,24000,22.49,D
sz000021,深科技,2025-09-19 13:06:27,22.49,16000,22.48,U
sz000021,深科技,2025-09-19 13:06:33,22.48,15300,22.48,U
sz000021,深科技,2025-09-19 13:06:36,22.47,11800,22.48,D
sz000021,深科技,2025-09-19 13:06:39,22.48,11700,22.47,U
sz000021,深科技,2025-09-19 13:06:42,22.47,17000,22.48,D
sz000021,深科技,2025-09-19 13:06:48,22.46,9200,22.47,D
sz000021,深科技,2025-09-19 13:06:51,22.46,25800,22.46,D
sz000021,深科技,2025-09-19 13:06:54,22.46,11700,22.46,U
sz000021,深科技,2025-09-19 13:06:57,22.46,18500,22.46,U
sz000021,深科技,2025-09-19 13:07:00,22.48,196600,22.46,U
sz000021,深科技,2025-09-19 13:07:03,22.54,367100,22.48,U
sz000021,深科技,2025-09-19 13:07:06,22.54,75600,22.54,U
sz000021,深科技,2025-09-19 13:07:09,22.51,64800,22.54,D
sz000021,深科技,2025-09-19 13:07:12,22.55,59700,22.51,U
sz000021,深科技,2025-09-19 13:07:15,22.54,23700,22.55,E
sz000021,深科技,2025-09-19 13:07:18,22.54,28800,22.54,U
sz000021,深科技,2025-09-19 13:07:21,22.55,43400,22.54,U
sz000021,深科技,2025-09-19 13:07:24,22.54,28500,22.55,E
sz000021,深科技,2025-09-19 13:07:27,22.65,1406150,22.54,U
sz000021,深科技,2025-09-19 13:07:30,22.68,741500,22.65,U
sz000021,深科技,2025-09-19 13:07:33,22.69,382100,22.68,U
sz000021,深科技,2025-09-19 13:07:36,22.7,182700,22.69,U
sz000021,深科技,2025-09-19 13:07:39,22.74,83300,22.7,U
sz000021,深科技,2025-09-19 13:07:42,22.75,132400,22.74,U
sz000021,深科技,2025-09-19 13:07:45,22.72,322300,22.75,D
sz000021,深科技,2025-09-19 13:07:48,22.72,190500,22.72,U
sz000021,深科技,2025-09-19 13:07:51,22.72,102800,22.72,U
sz000021,深科技,2025-09-19 13:07:54,22.71,63000,22.72,D
sz000021,深科技,2025-09-19 13:07:57,22.68,98400,22.71,D
sz000021,深科技,2025-09-19 13:08:00,22.68,144600,22.68,D
sz000021,深科技,2025-09-19 13:08:03,22.68,59600,22.68,U
sz000021,深科技,2025-09-19 13:08:06,22.68,50400,22.68,U
sz000021,深科技,2025-09-19 13:08:09,22.65,98300,22.68,D
sz000021,深科技,2025-09-19 13:08:12,22.65,21700,22.65,U
sz000021,深科技,2025-09-19 13:08:15,22.63,34200,22.65,D
sz000021,深科技,2025-09-19 13:08:18,22.62,34700,22.63,D
sz000021,深科技,2025-09-19 13:08:21,22.62,17800,22.62,U
sz000021,深科技,2025-09-19 13:08:24,22.59,33400,22.62,D
sz000021,深科技,2025-09-19 13:08:27,22.6,118300,22.59,U
sz000021,深科技,2025-09-19 13:08:30,22.6,13500,22.6,U
sz000021,深科技,2025-09-19 13:08:33,22.6,33800,22.6,D
sz000021,深科技,2025-09-19 13:08:36,22.61,15500,22.6,U
sz000021,深科技,2025-09-19 13:08:39,22.6,47200,22.61,D
sz000021,深科技,2025-09-19 13:08:42,22.58,22800,22.6,D
sz000021,深科技,2025-09-19 13:08:45,22.58,11500,22.58,U
sz000021,深科技,2025-09-19 13:08:48,22.56,23100,22.58,D
sz000021,深科技,2025-09-19 13:08:51,22.56,46800,22.56,D
sz000021,深科技,2025-09-19 13:08:54,22.56,22900,22.56,D
sz000021,深科技,2025-09-19 13:08:57,22.55,46600,22.56,D
sz000021,深科技,2025-09-19 13:09:03,22.54,57600,22.55,D
sz000021,深科技,2025-09-19 13:09:06,22.55,25700,22.54,U
sz000021,深科技,2025-09-19 13:09:09,22.54,16300,22.55,D
sz000021,深科技,2025-09-19 13:09:12,22.53,39100,22.54,D
sz000021,深科技,2025-09-19 13:09:15,22.54,23100,22.53,U
sz000021,深科技,2025-09-19 13:09:18,22.53,31700,22.54,D
sz000021,深科技,2025-09-19 13:09:21,22.51,17600,22.53,D
sz000021,深科技,2025-09-19 13:09:24,22.5,65800,22.51,D
sz000021,深科技,2025-09-19 13:09:27,22.5,25700,22.5,U
sz000021,深科技,2025-09-19 13:09:30,22.49,21100,22.5,D
sz000021,深科技,2025-09-19 13:09:39,22.48,11800,22.48,D
sz000021,深科技,2025-09-19 13:09:42,22.48,24900,22.48,D
sz000021,深科技,2025-09-19 13:09:45,22.48,53800,22.48,D
sz000021,深科技,2025-09-19 13:09:48,22.48,26100,22.48,U
sz000021,深科技,2025-09-19 13:09:51,22.5,19700,22.48,U
sz000021,深科技,2025-09-19 13:09:54,22.5,23900,22.5,U
sz000021,深科技,2025-09-19 13:09:57,22.51,19100,22.5,U
sz000021,深科技,2025-09-19 13:10:00,22.52,29500,22.51,U
sz000021,深科技,2025-09-19 13:10:03,22.49,114200,22.52,D
sz000021,深科技,2025-09-19 13:10:06,22.51,27900,22.49,U
sz000021,深科技,2025-09-19 13:10:09,22.47,129800,22.51,D
sz000021,深科技,2025-09-19 13:10:12,22.47,52100,22.47,U
sz000021,深科技,2025-09-19 13:10:18,22.5,44800,22.47,U
sz000021,深科技,2025-09-19 13:10:21,22.51,23600,22.5,U
sz000021,深科技,2025-09-19 13:10:24,22.5,13500,22.51,D
sz000021,深科技,2025-09-19 13:10:27,22.51,23800,22.5,U
sz000021,深科技,2025-09-19 13:10:30,22.52,27700,22.51,U
sz000021,深科技,2025-09-19 13:10:33,22.53,30600,22.52,U
sz000021,深科技,2025-09-19 13:10:36,22.53,8900,22.53,U
sz000021,深科技,2025-09-19 13:10:39,22.52,168500,22.53,D
sz000021,深科技,2025-09-19 13:10:42,22.51,50700,22.52,E
sz000021,深科技,2025-09-19 13:10:45,22.51,25300,22.51,U
sz000021,深科技,2025-09-19 13:10:48,22.51,39200,22.51,D
sz000021,深科技,2025-09-19 13:10:51,22.52,11800,22.51,U
sz000021,深科技,2025-09-19 13:10:54,22.52,31100,22.52,U
sz000021,深科技,2025-09-19 13:10:57,22.51,18300,22.52,D
sz000021,深科技,2025-09-19 13:11:00,22.51,18200,22.51,U
sz000021,深科技,2025-09-19 13:11:03,22.48,57200,22.51,D
sz000021,深科技,2025-09-19 13:11:06,22.48,19900,22.48,D
sz000021,深科技,2025-09-19 13:11:09,22.5,21500,22.48,U
sz000021,深科技,2025-09-19 13:11:12,22.44,42000,22.5,D
sz000021,深科技,2025-09-19 13:11:15,22.45,18800,22.44,U
sz000021,深科技,2025-09-19 13:11:18,22.43,21900,22.45,E
sz000021,深科技,2025-09-19 13:11:27,22.44,13600,22.43,U
sz000021,深科技,2025-09-19 13:11:33,22.43,13200,22.44,D
sz000021,深科技,2025-09-19 13:11:36,22.43,15300,22.43,D
sz000021,深科技,2025-09-19 13:11:39,22.44,12300,22.43,U
sz000021,深科技,2025-09-19 13:11:42,22.44,19400,22.44,U
sz000021,深科技,2025-09-19 13:11:51,22.48,10600,22.45,U
sz000021,深科技,2025-09-19 13:11:54,22.49,22700,22.48,U
sz000021,深科技,2025-09-19 13:12:00,22.48,23600,22.46,E
sz000021,深科技,2025-09-19 13:12:03,22.48,99900,22.48,U
sz000021,深科技,2025-09-19 13:12:06,22.44,39600,22.48,D
sz000021,深科技,2025-09-19 13:12:12,22.45,26200,22.47,D
sz000021,深科技,2025-09-19 13:12:15,22.45,23500,22.45,U
sz000021,深科技,2025-09-19 13:12:27,22.47,15600,22.48,U
sz000021,深科技,2025-09-19 13:12:36,22.47,13400,22.47,U
sz000021,深科技,2025-09-19 13:12:39,22.46,13000,22.47,D
sz000021,深科技,2025-09-19 13:12:45,22.47,12000,22.46,D
sz000021,深科技,2025-09-19 13:12:54,22.47,9600,22.47,U
sz000021,深科技,2025-09-19 13:12:57,22.47,36400,22.47,U
sz000021,深科技,2025-09-19 13:13:00,22.47,18600,22.47,U
sz000021,深科技,2025-09-19 13:13:03,22.46,10400,22.47,D
sz000021,深科技,2025-09-19 13:13:09,22.47,49400,22.47,U
sz000021,深科技,2025-09-19 13:13:12,22.45,56000,22.47,D
sz000021,深科技,2025-09-19 13:13:15,22.46,76500,22.45,U
sz000021,深科技,2025-09-19 13:13:21,22.42,19500,22.43,D
sz000021,深科技,2025-09-19 13:13:24,22.42,39700,22.42,D
sz000021,深科技,2025-09-19 13:13:30,22.44,12400,22.42,U
sz000021,深科技,2025-09-19 13:13:36,22.41,38300,22.42,D
sz000021,深科技,2025-09-19 13:13:39,22.42,25200,22.41,U
sz000021,深科技,2025-09-19 13:13:57,22.42,10700,22.41,U
sz000021,深科技,2025-09-19 13:14:09,22.41,26100,22.42,D
sz000021,深科技,2025-09-19 13:14:12,22.4,54500,22.41,D
sz000021,深科技,2025-09-19 13:14:15,22.44,21700,22.4,U
sz000021,深科技,2025-09-19 13:14:21,22.46,20700,22.43,U
sz000021,深科技,2025-09-19 13:14:27,22.44,14000,22.46,D
sz000021,深科技,2025-09-19 13:14:39,22.43,11500,22.44,D
sz000021,深科技,2025-09-19 13:14:42,22.46,18600,22.43,U
sz000021,深科技,2025-09-19 13:14:51,22.45,16400,22.44,U
sz000021,深科技,2025-09-19 13:15:00,22.44,12600,22.46,D
sz000021,深科技,2025-09-19 13:15:06,22.45,263200,22.45,U
sz000021,深科技,2025-09-19 13:15:12,22.41,38900,22.41,E
sz000021,深科技,2025-09-19 13:15:15,22.43,17100,22.41,U
sz000021,深科技,2025-09-19 13:15:21,22.4,33300,22.43,D
sz000021,深科技,2025-09-19 13:15:24,22.41,9100,22.4,U
sz000021,深科技,2025-09-19 13:15:36,22.44,9100,22.43,U
sz000021,深科技,2025-09-19 13:15:39,22.42,15800,22.44,D
sz000021,深科技,2025-09-19 13:15:45,22.42,11600,22.43,D
sz000021,深科技,2025-09-19 13:15:48,22.45,15600,22.42,U
sz000021,深科技,2025-09-19 13:15:54,22.42,18300,22.43,D
sz000021,深科技,2025-09-19 13:16:00,22.43,29600,22.43,D
sz000021,深科技,2025-09-19 13:16:03,22.42,59100,22.43,D
sz000021,深科技,2025-09-19 13:16:06,22.42,65900,22.42,D
sz000021,深科技,2025-09-19 13:16:12,22.42,45300,22.43,D
sz000021,深科技,2025-09-19 13:16:18,22.42,35000,22.42,U
sz000021,深科技,2025-09-19 13:16:21,22.41,10400,22.42,D
sz000021,深科技,2025-09-19 13:16:24,22.41,19900,22.41,D
sz000021,深科技,2025-09-19 13:16:27,22.41,13500,22.41,D
sz000021,深科技,2025-09-19 13:16:30,22.42,53200,22.41,U
sz000021,深科技,2025-09-19 13:16:42,22.43,12900,22.42,U
sz000021,深科技,2025-09-19 13:16:54,22.43,29600,22.42,U
sz000021,深科技,2025-09-19 13:16:57,22.43,12800,22.43,U
sz000021,深科技,2025-09-19 13:17:03,22.42,11300,22.43,D
sz000021,深科技,2025-09-19 13:17:06,22.44,12100,22.42,U
sz000021,深科技,2025-09-19 13:17:18,22.46,51200,22.44,U
sz000021,深科技,2025-09-19 13:17:21,22.47,16800,22.46,U
sz000021,深科技,2025-09-19 13:17:30,22.49,23700,22.47,U
sz000021,深科技,2025-09-19 13:17:36,22.47,10500,22.47,D
sz000021,深科技,2025-09-19 13:17:48,22.49,35400,22.48,U
sz000021,深科技,2025-09-19 13:17:51,22.49,11900,22.49,U
sz000021,深科技,2025-09-19 13:17:54,22.49,46300,22.49,U
sz000021,深科技,2025-09-19 13:17:57,22.48,41800,22.49,D
sz000021,深科技,2025-09-19 13:18:06,22.46,12000,22.47,D
sz000021,深科技,2025-09-19 13:18:09,22.46,20300,22.46,D
sz000021,深科技,2025-09-19 13:18:12,22.42,51300,22.46,D
sz000021,深科技,2025-09-19 13:18:15,22.47,28500,22.42,U
sz000021,深科技,2025-09-19 13:18:27,22.42,19000,22.44,D
sz000021,深科技,2025-09-19 13:18:30,22.42,9900,22.42,D
sz000021,深科技,2025-09-19 13:18:33,22.44,18500,22.42,U
sz000021,深科技,2025-09-19 13:18:39,22.43,11300,22.42,U
sz000021,深科技,2025-09-19 13:18:48,22.42,12700,22.43,D
sz000021,深科技,2025-09-19 13:18:57,22.42,12100,22.41,E
sz000021,深科技,2025-09-19 13:19:00,22.41,31900,22.42,D
sz000021,深科技,2025-09-19 13:19:06,22.4,83800,22.4,D
sz000021,深科技,2025-09-19 13:19:15,22.39,35600,22.39,D
sz000021,深科技,2025-09-19 13:19:21,22.38,23300,22.38,D
sz000021,深科技,2025-09-19 13:19:24,22.38,23700,22.38,D
sz000021,深科技,2025-09-19 13:19:27,22.38,37400,22.38,D
sz000021,深科技,2025-09-19 13:19:30,22.36,21500,22.38,D
sz000021,深科技,2025-09-19 13:19:33,22.36,24100,22.36,D
sz000021,深科技,2025-09-19 13:19:36,22.36,11900,22.36,D
sz000021,深科技,2025-09-19 13:19:45,22.36,35800,22.36,U
sz000021,深科技,2025-09-19 13:19:51,22.36,9200,22.36,U
sz000021,深科技,2025-09-19 13:19:57,22.36,21500,22.36,D
sz000021,深科技,2025-09-19 13:20:00,22.35,13500,22.36,D
sz000021,深科技,2025-09-19 13:20:06,22.35,11300,22.35,D
sz000021,深科技,2025-09-19 13:20:09,22.33,120100,22.35,D
sz000021,深科技,2025-09-19 13:20:12,22.32,10400,22.33,D
sz000021,深科技,2025-09-19 13:20:15,22.32,10000,22.32,D
sz000021,深科技,2025-09-19 13:20:21,22.34,10100,22.34,U
sz000021,深科技,2025-09-19 13:20:33,22.33,27300,22.34,D
sz000021,深科技,2025-09-19 13:20:36,22.36,88000,22.33,U
sz000021,深科技,2025-09-19 13:20:48,22.35,11300,22.34,U
sz000021,深科技,2025-09-19 13:20:57,22.35,12200,22.35,D
sz000021,深科技,2025-09-19 13:21:03,22.36,14800,22.35,U
sz000021,深科技,2025-09-19 13:21:06,22.36,21200,22.36,U
sz000021,深科技,2025-09-19 13:21:09,22.36,16100,22.36,D
sz000021,深科技,2025-09-19 13:21:15,22.37,17900,22.36,U
sz000021,深科技,2025-09-19 13:21:18,22.34,84700,22.37,D
sz000021,深科技,2025-09-19 13:21:30,22.37,9400,22.36,U
sz000021,深科技,2025-09-19 13:21:39,22.36,12800,22.36,D
sz000021,深科技,2025-09-19 13:21:42,22.37,10300,22.36,U
sz000021,深科技,2025-09-19 13:21:48,22.37,10200,22.37,U
sz000021,深科技,2025-09-19 13:21:51,22.36,26600,22.37,D
sz000021,深科技,2025-09-19 13:21:54,22.36,17500,22.36,U
sz000021,深科技,2025-09-19 13:21:57,22.37,12700,22.36,U
sz000021,深科技,2025-09-19 13:22:00,22.37,15400,22.37,D
sz000021,深科技,2025-09-19 13:22:03,22.36,27300,22.37,D
sz000021,深科技,2025-09-19 13:22:06,22.35,22400,22.36,D
sz000021,深科技,2025-09-19 13:22:09,22.36,11700,22.35,D
sz000021,深科技,2025-09-19 13:22:12,22.35,9100,22.36,D
sz000021,深科技,2025-09-19 13:22:15,22.35,87300,22.35,D
sz000021,深科技,2025-09-19 13:22:18,22.36,61000,22.35,U
sz000021,深科技,2025-09-19 13:22:27,22.34,11100,22.33,U
sz000021,深科技,2025-09-19 13:22:33,22.35,14100,22.34,U
sz000021,深科技,2025-09-19 13:22:39,22.34,9200,22.34,U
sz000021,深科技,2025-09-19 13:22:45,22.34,13400,22.34,D
sz000021,深科技,2025-09-19 13:22:48,22.33,9200,22.34,D
sz000021,深科技,2025-09-19 13:22:51,22.34,75400,22.33,U
sz000021,深科技,2025-09-19 13:22:57,22.32,19000,22.32,D
sz000021,深科技,2025-09-19 13:23:03,22.32,19900,22.33,D
sz000021,深科技,2025-09-19 13:23:06,22.32,27600,22.32,D
sz000021,深科技,2025-09-19 13:23:12,22.32,10500,22.33,D
sz000021,深科技,2025-09-19 13:23:15,22.33,12200,22.32,U
sz000021,深科技,2025-09-19 13:23:18,22.34,37500,22.33,U
sz000021,深科技,2025-09-19 13:23:21,22.34,15300,22.34,U
sz000021,深科技,2025-09-19 13:23:24,22.34,22300,22.34,U
sz000021,深科技,2025-09-19 13:23:30,22.34,21900,22.34,D
sz000021,深科技,2025-09-19 13:23:33,22.32,37200,22.34,D
sz000021,深科技,2025-09-19 13:23:36,22.34,34100,22.32,U
sz000021,深科技,2025-09-19 13:23:39,22.34,21400,22.34,U
sz000021,深科技,2025-09-19 13:23:48,22.32,22900,22.33,D
sz000021,深科技,2025-09-19 13:23:51,22.33,18600,22.32,D
sz000021,深科技,2025-09-19 13:23:54,22.31,87300,22.33,D
sz000021,深科技,2025-09-19 13:23:57,22.33,18300,22.31,U
sz000021,深科技,2025-09-19 13:24:00,22.32,10300,22.33,E
sz000021,深科技,2025-09-19 13:24:12,22.3,50500,22.31,D
sz000021,深科技,2025-09-19 13:24:27,22.31,15500,22.31,D
sz000021,深科技,2025-09-19 13:24:30,22.31,25700,22.31,U
sz000021,深科技,2025-09-19 13:24:36,22.31,50500,22.31,D
sz000021,深科技,2025-09-19 13:24:39,22.31,13300,22.31,D
sz000021,深科技,2025-09-19 13:24:48,22.3,15300,22.31,D
sz000021,深科技,2025-09-19 13:25:06,22.31,18600,22.31,D
sz000021,深科技,2025-09-19 13:25:09,22.31,9200,22.31,D
sz000021,深科技,2025-09-19 13:25:12,22.29,73282,22.31,D
sz000021,深科技,2025-09-19 13:25:27,22.28,14800,22.28,U
sz000021,深科技,2025-09-19 13:25:30,22.28,13600,22.28,U
sz000021,深科技,2025-09-19 13:25:33,22.28,30382,22.28,U
sz000021,深科技,2025-09-19 13:25:36,22.28,14400,22.28,D
sz000021,深科技,2025-09-19 13:25:51,22.28,18400,22.27,U
sz000021,深科技,2025-09-19 13:26:24,22.29,11000,22.28,U
sz000021,深科技,2025-09-19 13:26:30,22.28,23900,22.28,D
sz000021,深科技,2025-09-19 13:26:33,22.29,9700,22.28,U
sz000021,深科技,2025-09-19 13:26:42,22.29,18100,22.29,D
sz000021,深科技,2025-09-19 13:26:48,22.3,18600,22.29,U
sz000021,深科技,2025-09-19 13:26:51,22.29,14200,22.3,D
sz000021,深科技,2025-09-19 13:26:57,22.29,19300,22.3,D
sz000021,深科技,2025-09-19 13:27:00,22.3,22000,22.29,E
sz000021,深科技,2025-09-19 13:27:03,22.28,29000,22.3,D
sz000021,深科技,2025-09-19 13:27:09,22.29,11400,22.28,U
sz000021,深科技,2025-09-19 13:27:12,22.26,28918,22.29,D
sz000021,深科技,2025-09-19 13:27:15,22.26,33800,22.26,D
sz000021,深科技,2025-09-19 13:27:18,22.28,10300,22.26,U
sz000021,深科技,2025-09-19 13:27:24,22.23,37700,22.25,D
sz000021,深科技,2025-09-19 13:27:27,22.22,10400,22.23,D
sz000021,深科技,2025-09-19 13:27:39,22.25,25600,22.23,U
sz000021,深科技,2025-09-19 13:27:42,22.24,21100,22.25,D
sz000021,深科技,2025-09-19 13:27:48,22.23,15400,22.25,D
sz000021,深科技,2025-09-19 13:27:51,22.25,16600,22.23,U
sz000021,深科技,2025-09-19 13:28:00,22.23,15200,22.25,D
sz000021,深科技,2025-09-19 13:28:03,22.24,12400,22.23,U
sz000021,深科技,2025-09-19 13:28:06,22.23,16900,22.24,D
sz000021,深科技,2025-09-19 13:28:15,22.23,9300,22.24,D
sz000021,深科技,2025-09-19 13:28:21,22.23,21900,22.23,D
sz000021,深科技,2025-09-19 13:28:48,22.22,51500,22.23,D
sz000021,深科技,2025-09-19 13:28:57,22.22,16000,22.22,D
sz000021,深科技,2025-09-19 13:29:06,22.22,13700,22.23,D
sz000021,深科技,2025-09-19 13:29:09,22.22,10800,22.22,D
sz000021,深科技,2025-09-19 13:29:15,22.22,11000,22.22,D
sz000021,深科技,2025-09-19 13:29:21,22.23,14500,22.23,D
sz000021,深科技,2025-09-19 13:29:27,22.22,53600,22.23,D
sz000021,深科技,2025-09-19 13:29:30,22.24,11200,22.22,U
sz000021,深科技,2025-09-19 13:29:36,22.22,11200,22.23,D
sz000021,深科技,2025-09-19 13:29:42,22.23,21400,22.22,U
sz000021,深科技,2025-09-19 13:29:48,22.22,40800,22.23,D
sz000021,深科技,2025-09-19 13:30:09,22.22,12500,22.23,D
sz000021,深科技,2025-09-19 13:30:24,22.22,13900,22.23,D
sz000021,深科技,2025-09-19 13:30:30,22.22,11600,22.22,D
sz000021,深科技,2025-09-19 13:30:39,22.22,13800,22.23,D
sz000021,深科技,2025-09-19 13:30:48,22.21,16300,22.22,D
sz000021,深科技,2025-09-19 13:30:54,22.2,28300,22.22,D
sz000021,深科技,2025-09-19 13:31:03,22.2,32700,22.2,D
sz000021,深科技,2025-09-19 13:31:06,22.2,14600,22.2,D
sz000021,深科技,2025-09-19 13:31:12,22.2,78100,22.2,D
sz000021,深科技,2025-09-19 13:31:15,22.21,12800,22.2,U
sz000021,深科技,2025-09-19 13:31:18,22.23,39300,22.21,U
sz000021,深科技,2025-09-19 13:31:27,22.21,10900,22.21,D
sz000021,深科技,2025-09-19 13:31:42,22.24,10900,22.22,U
sz000021,深科技,2025-09-19 13:31:51,22.24,9600,22.24,U
sz000021,深科技,2025-09-19 13:32:03,22.24,9500,22.23,U
sz000021,深科技,2025-09-19 13:32:06,22.22,14500,22.24,D
sz000021,深科技,2025-09-19 13:32:09,22.22,10400,22.22,D
sz000021,深科技,2025-09-19 13:32:12,22.22,43700,22.22,D
sz000021,深科技,2025-09-19 13:32:15,22.21,67200,22.22,D
sz000021,深科技,2025-09-19 13:32:18,22.2,10600,22.21,D
sz000021,深科技,2025-09-19 13:32:27,22.2,58200,22.22,D
sz000021,深科技,2025-09-19 13:32:30,22.19,70100,22.2,D
sz000021,深科技,2025-09-19 13:32:39,22.18,42500,22.18,D
sz000021,深科技,2025-09-19 13:32:42,22.18,17500,22.18,U
sz000021,深科技,2025-09-19 13:32:45,22.17,12300,22.18,D
sz000021,深科技,2025-09-19 13:32:48,22.16,13300,22.17,D
sz000021,深科技,2025-09-19 13:32:54,22.16,25700,22.17,D
sz000021,深科技,2025-09-19 13:33:06,22.15,9700,22.15,D
sz000021,深科技,2025-09-19 13:33:09,22.15,25400,22.15,D
sz000021,深科技,2025-09-19 13:33:12,22.15,9300,22.15,D
sz000021,深科技,2025-09-19 13:33:18,22.13,28200,22.15,D
sz000021,深科技,2025-09-19 13:33:27,22.14,32700,22.15,D
sz000021,深科技,2025-09-19 13:33:30,22.14,27800,22.14,D
sz000021,深科技,2025-09-19 13:33:33,22.14,11000,22.14,D
sz000021,深科技,2025-09-19 13:33:36,22.17,9900,22.14,U
sz000021,深科技,2025-09-19 13:33:39,22.17,10500,22.17,U
sz000021,深科技,2025-09-19 13:33:54,22.15,13400,22.16,D
sz000021,深科技,2025-09-19 13:34:18,22.15,11200,22.15,D
sz000021,深科技,2025-09-19 13:34:21,22.15,13600,22.15,D
sz000021,深科技,2025-09-19 13:34:30,22.15,9600,22.15,D
sz000021,深科技,2025-09-19 13:34:36,22.15,19900,22.15,U
sz000021,深科技,2025-09-19 13:34:42,22.14,12300,22.13,U
sz000021,深科技,2025-09-19 13:34:48,22.15,88400,22.13,U
sz000021,深科技,2025-09-19 13:34:54,22.15,9800,22.15,D
sz000021,深科技,2025-09-19 13:35:00,22.14,12800,22.15,D
sz000021,深科技,2025-09-19 13:35:09,22.14,16500,22.14,U
sz000021,深科技,2025-09-19 13:35:12,22.14,45000,22.14,U
sz000021,深科技,2025-09-19 13:35:15,22.15,27300,22.14,U
sz000021,深科技,2025-09-19 13:35:33,22.15,18000,22.14,U
sz000021,深科技,2025-09-19 13:35:39,22.15,12300,22.15,U
sz000021,深科技,2025-09-19 13:35:42,22.14,12000,22.15,D
sz000021,深科技,2025-09-19 13:35:45,22.14,22600,22.14,U
sz000021,深科技,2025-09-19 13:36:06,22.14,25000,22.13,U
sz000021,深科技,2025-09-19 13:36:12,22.14,24400,22.14,U
sz000021,深科技,2025-09-19 13:36:21,22.13,38600,22.14,U
sz000021,深科技,2025-09-19 13:36:36,22.13,12800,22.13,U
sz000021,深科技,2025-09-19 13:36:39,22.12,12500,22.13,D
sz000021,深科技,2025-09-19 13:36:45,22.12,80200,22.12,U
sz000021,深科技,2025-09-19 13:36:54,22.12,41200,22.12,D
sz000021,深科技,2025-09-19 13:36:57,22.12,13600,22.12,U
sz000021,深科技,2025-09-19 13:37:03,22.11,11800,22.12,D
sz000021,深科技,2025-09-19 13:37:06,22.12,10700,22.11,U
sz000021,深科技,2025-09-19 13:37:09,22.11,21300,22.12,D
sz000021,深科技,2025-09-19 13:37:12,22.11,80900,22.11,D
sz000021,深科技,2025-09-19 13:37:15,22.12,15900,22.11,U
sz000021,深科技,2025-09-19 13:37:24,22.1,17700,22.11,D
sz000021,深科技,2025-09-19 13:37:27,22.1,29100,22.1,D
sz000021,深科技,2025-09-19 13:37:30,22.1,24600,22.1,D
sz000021,深科技,2025-09-19 13:37:33,22.1,33500,22.1,D
sz000021,深科技,2025-09-19 13:37:36,22.1,9100,22.1,D
sz000021,深科技,2025-09-19 13:37:39,22.1,15000,22.1,D
sz000021,深科技,2025-09-19 13:37:42,22.11,17300,22.1,U
sz000021,深科技,2025-09-19 13:37:48,22.1,23600,22.11,D
sz000021,深科技,2025-09-19 13:37:51,22.11,69700,22.1,U
sz000021,深科技,2025-09-19 13:37:54,22.11,20800,22.11,D
sz000021,深科技,2025-09-19 13:38:00,22.11,12500,22.11,D
sz000021,深科技,2025-09-19 13:38:06,22.11,13900,22.11,D
sz000021,深科技,2025-09-19 13:38:09,22.1,12000,22.11,D
sz000021,深科技,2025-09-19 13:38:12,22.11,14100,22.1,U
sz000021,深科技,2025-09-19 13:38:18,22.1,9400,22.11,D
sz000021,深科技,2025-09-19 13:38:27,22.11,24800,22.1,U
sz000021,深科技,2025-09-19 13:38:51,22.12,71300,22.11,U
sz000021,深科技,2025-09-19 13:38:54,22.13,31200,22.12,U
sz000021,深科技,2025-09-19 13:39:03,22.15,9100,22.12,U
sz000021,深科技,2025-09-19 13:39:06,22.15,9900,22.15,U
sz000021,深科技,2025-09-19 13:39:09,22.15,11900,22.15,U
sz000021,深科技,2025-09-19 13:39:15,22.15,22900,22.15,D
sz000021,深科技,2025-09-19 13:39:21,22.16,24700,22.15,U
sz000021,深科技,2025-09-19 13:39:30,22.15,37600,22.16,D
sz000021,深科技,2025-09-19 13:39:33,22.14,14300,22.15,D
sz000021,深科技,2025-09-19 13:39:36,22.13,20700,22.14,D
sz000021,深科技,2025-09-19 13:39:42,22.13,28400,22.13,U
sz000021,深科技,2025-09-19 13:39:45,22.13,9700,22.13,E
sz000021,深科技,2025-09-19 13:39:51,22.14,9400,22.15,D
sz000021,深科技,2025-09-19 13:39:54,22.15,17200,22.14,U
sz000021,深科技,2025-09-19 13:39:57,22.15,20100,22.15,D
sz000021,深科技,2025-09-19 13:40:03,22.14,9800,22.15,D
sz000021,深科技,2025-09-19 13:40:06,22.13,36600,22.14,D
sz000021,深科技,2025-09-19 13:40:12,22.13,18600,22.14,D
sz000021,深科技,2025-09-19 13:40:21,22.13,21000,22.14,D
sz000021,深科技,2025-09-19 13:40:27,22.13,81100,22.14,D
sz000021,深科技,2025-09-19 13:40:36,22.13,50200,22.12,U
sz000021,深科技,2025-09-19 13:40:39,22.11,16000,22.13,D
sz000021,深科技,2025-09-19 13:40:54,22.12,49600,22.12,U
sz000021,深科技,2025-09-19 13:40:57,22.11,18900,22.12,D
sz000021,深科技,2025-09-19 13:41:00,22.11,23200,22.11,U
sz000021,深科技,2025-09-19 13:41:03,22.08,143800,22.11,D
sz000021,深科技,2025-09-19 13:41:09,22.09,9400,22.1,E
sz000021,深科技,2025-09-19 13:41:12,22.08,36900,22.09,D
sz000021,深科技,2025-09-19 13:41:36,22.09,13100,22.1,D
sz000021,深科技,2025-09-19 13:41:42,22.08,18900,22.1,D
sz000021,深科技,2025-09-19 13:41:51,22.09,16900,22.08,U
sz000021,深科技,2025-09-19 13:41:57,22.09,10000,22.1,D
sz000021,深科技,2025-09-19 13:42:00,22.09,18600,22.09,D
sz000021,深科技,2025-09-19 13:42:03,22.08,32000,22.09,D
sz000021,深科技,2025-09-19 13:42:06,22.08,11500,22.08,D
sz000021,深科技,2025-09-19 13:42:09,22.09,59400,22.08,U
sz000021,深科技,2025-09-19 13:42:24,22.08,24300,22.09,E
sz000021,深科技,2025-09-19 13:42:36,22.09,34100,22.08,U
sz000021,深科技,2025-09-19 13:42:45,22.08,10900,22.08,D
sz000021,深科技,2025-09-19 13:42:48,22.1,113400,22.08,U
sz000021,深科技,2025-09-19 13:42:54,22.09,17300,22.1,D
sz000021,深科技,2025-09-19 13:42:57,22.08,22400,22.09,D
sz000021,深科技,2025-09-19 13:43:09,22.08,23400,22.07,U
sz000021,深科技,2025-09-19 13:43:21,22.08,18200,22.07,U
sz000021,深科技,2025-09-19 13:43:36,22.08,18100,22.08,U
sz000021,深科技,2025-09-19 13:43:39,22.08,100600,22.08,D
sz000021,深科技,2025-09-19 13:43:42,22.09,50500,22.08,E
sz000021,深科技,2025-09-19 13:44:06,22.09,16200,22.09,D
sz000021,深科技,2025-09-19 13:44:12,22.1,20300,22.09,U
sz000021,深科技,2025-09-19 13:44:15,22.09,9300,22.1,D
sz000021,深科技,2025-09-19 13:44:18,22.1,29800,22.09,U
sz000021,深科技,2025-09-19 13:44:21,22.11,30100,22.1,U
sz000021,深科技,2025-09-19 13:44:33,22.09,205000,22.12,D
sz000021,深科技,2025-09-19 13:44:36,22.12,175000,22.09,U
sz000021,深科技,2025-09-19 13:44:57,22.11,13900,22.12,E
sz000021,深科技,2025-09-19 13:45:03,22.11,9100,22.11,U
sz000021,深科技,2025-09-19 13:45:06,22.1,29800,22.11,D
sz000021,深科技,2025-09-19 13:45:21,22.1,14100,22.09,U
sz000021,深科技,2025-09-19 13:45:24,22.12,131900,22.1,U
sz000021,深科技,2025-09-19 13:45:39,22.12,21500,22.12,U
sz000021,深科技,2025-09-19 13:45:42,22.12,19000,22.12,U
sz000021,深科技,2025-09-19 13:45:45,22.16,49300,22.12,U
sz000021,深科技,2025-09-19 13:45:48,22.16,20600,22.16,D
sz000021,深科技,2025-09-19 13:45:51,22.17,23900,22.16,U
sz000021,深科技,2025-09-19 13:45:57,22.17,21400,22.17,D
sz000021,深科技,2025-09-19 13:46:06,22.19,21200,22.18,U
sz000021,深科技,2025-09-19 13:46:12,22.17,48700,22.19,D
sz000021,深科技,2025-09-19 13:46:21,22.16,9200,22.16,D
sz000021,深科技,2025-09-19 13:46:24,22.16,15700,22.16,U
sz000021,深科技,2025-09-19 13:46:33,22.15,27600,22.16,D
sz000021,深科技,2025-09-19 13:46:36,22.16,32600,22.15,U
sz000021,深科技,2025-09-19 13:47:00,22.16,9500,22.16,D
sz000021,深科技,2025-09-19 13:47:06,22.16,18200,22.16,U
sz000021,深科技,2025-09-19 13:47:12,22.2,90700,22.16,U
sz000021,深科技,2025-09-19 13:47:45,22.22,36200,22.23,D
sz000021,深科技,2025-09-19 13:47:48,22.22,22000,22.22,U
sz000021,深科技,2025-09-19 13:47:51,22.22,32600,22.22,U
sz000021,深科技,2025-09-19 13:48:15,22.2,14700,22.2,D
sz000021,深科技,2025-09-19 13:48:18,22.2,40800,22.2,U
sz000021,深科技,2025-09-19 13:48:48,22.2,11500,22.2,U
sz000021,深科技,2025-09-19 13:49:06,22.22,23300,22.21,U
sz000021,深科技,2025-09-19 13:49:27,22.21,11000,22.21,D
sz000021,深科技,2025-09-19 13:49:36,22.21,38600,22.21,D
sz000021,深科技,2025-09-19 13:49:54,22.25,44200,22.23,U
sz000021,深科技,2025-09-19 13:50:00,22.23,14800,22.25,D
sz000021,深科技,2025-09-19 13:50:06,22.22,14100,22.23,D
sz000021,深科技,2025-09-19 13:50:09,22.21,14800,22.22,D
sz000021,深科技,2025-09-19 13:50:12,22.2,26300,22.21,D
sz000021,深科技,2025-09-19 13:50:15,22.23,28800,22.2,U
sz000021,深科技,2025-09-19 13:50:18,22.2,11300,22.23,D
sz000021,深科技,2025-09-19 13:50:21,22.19,15200,22.2,D
sz000021,深科技,2025-09-19 13:50:27,22.18,10200,22.18,D
sz000021,深科技,2025-09-19 13:50:30,22.16,15500,22.18,D
sz000021,深科技,2025-09-19 13:50:33,22.19,11500,22.16,U
sz000021,深科技,2025-09-19 13:50:39,22.16,15500,22.16,D
sz000021,深科技,2025-09-19 13:50:51,22.16,9900,22.16,D
sz000021,深科技,2025-09-19 13:50:57,22.16,41400,22.16,U
sz000021,深科技,2025-09-19 13:51:06,22.15,47900,22.14,E
sz000021,深科技,2025-09-19 13:51:42,22.19,12900,22.19,D
sz000021,深科技,2025-09-19 13:51:54,22.2,27400,22.19,U
sz000021,深科技,2025-09-19 13:51:57,22.19,10100,22.2,D
sz000021,深科技,2025-09-19 13:52:21,22.2,10600,22.2,U
sz000021,深科技,2025-09-19 13:52:24,22.19,23900,22.2,D
sz000021,深科技,2025-09-19 13:52:30,22.19,74100,22.19,D
sz000021,深科技,2025-09-19 13:52:36,22.18,13800,22.19,D
sz000021,深科技,2025-09-19 13:52:51,22.17,13124,22.17,D
sz000021,深科技,2025-09-19 13:53:03,22.16,11824,22.18,D
sz000021,深科技,2025-09-19 13:53:12,22.18,19800,22.18,U
sz000021,深科技,2025-09-19 13:53:15,22.18,20600,22.18,D
sz000021,深科技,2025-09-19 13:53:27,22.17,13024,22.19,D
sz000021,深科技,2025-09-19 13:53:54,22.16,20100,22.17,D
sz000021,深科技,2025-09-19 13:53:57,22.16,34124,22.16,D
sz000021,深科技,2025-09-19 13:54:03,22.15,31600,22.15,D
sz000021,深科技,2025-09-19 13:54:12,22.14,15800,22.15,D
sz000021,深科技,2025-09-19 13:54:36,22.12,10600,22.12,U
sz000021,深科技,2025-09-19 13:54:42,22.11,16500,22.11,U
sz000021,深科技,2025-09-19 13:54:54,22.09,23500,22.11,D
sz000021,深科技,2025-09-19 13:55:00,22.09,14900,22.1,D
sz000021,深科技,2025-09-19 13:55:09,22.09,11900,22.08,U
sz000021,深科技,2025-09-19 13:55:18,22.11,59200,22.1,U
sz000021,深科技,2025-09-19 13:55:21,22.1,49700,22.11,D
sz000021,深科技,2025-09-19 13:55:24,22.1,51600,22.1,D
sz000021,深科技,2025-09-19 13:55:42,22.12,20000,22.11,U
sz000021,深科技,2025-09-19 13:55:45,22.11,25500,22.12,D
sz000021,深科技,2025-09-19 13:55:48,22.12,9600,22.11,U
sz000021,深科技,2025-09-19 13:55:51,22.12,52232,22.12,U
sz000021,深科技,2025-09-19 13:55:54,22.14,39700,22.12,U
sz000021,深科技,2025-09-19 13:55:57,22.14,10500,22.14,U
sz000021,深科技,2025-09-19 13:56:00,22.14,15800,22.14,U
sz000021,深科技,2025-09-19 13:56:45,22.13,11800,22.14,D
sz000021,深科技,2025-09-19 13:56:51,22.11,12100,22.12,D
sz000021,深科技,2025-09-19 13:57:09,22.13,14000,22.12,U
sz000021,深科技,2025-09-19 13:57:15,22.15,10500,22.13,U
sz000021,深科技,2025-09-19 13:57:39,22.17,10400,22.17,D
sz000021,深科技,2025-09-19 13:58:06,22.16,12000,22.17,D
sz000021,深科技,2025-09-19 13:58:12,22.17,36200,22.18,D
sz000021,深科技,2025-09-19 13:58:36,22.19,14200,22.19,D
sz000021,深科技,2025-09-19 13:58:45,22.18,11400,22.17,U
sz000021,深科技,2025-09-19 13:58:54,22.17,10600,22.18,D
sz000021,深科技,2025-09-19 13:59:00,22.18,9800,22.17,U
sz000021,深科技,2025-09-19 13:59:06,22.17,61800,22.16,E
sz000021,深科技,2025-09-19 13:59:36,22.16,51500,22.17,D
sz000021,深科技,2025-09-19 13:59:51,22.16,15000,22.16,D
sz000021,深科技,2025-09-19 13:59:54,22.16,78400,22.16,U
sz000021,深科技,2025-09-19 14:00:00,22.15,9400,22.15,D
sz000021,深科技,2025-09-19 14:00:03,22.15,13800,22.15,D
sz000021,深科技,2025-09-19 14:00:06,22.15,13000,22.15,D
sz000021,深科技,2025-09-19 14:00:15,22.13,23600,22.15,D
sz000021,深科技,2025-09-19 14:00:30,22.15,11200,22.14,U
sz000021,深科技,2025-09-19 14:00:33,22.13,77800,22.15,D
sz000021,深科技,2025-09-19 14:00:39,22.1,12500,22.1,D
sz000021,深科技,2025-09-19 14:00:57,22.13,13900,22.11,U
sz000021,深科技,2025-09-19 14:01:00,22.12,15600,22.13,D
sz000021,深科技,2025-09-19 14:01:06,22.12,26300,22.12,D
sz000021,深科技,2025-09-19 14:01:09,22.14,14000,22.12,U
sz000021,深科技,2025-09-19 14:01:12,22.14,15300,22.14,D
sz000021,深科技,2025-09-19 14:01:51,22.15,18900,22.16,D
sz000021,深科技,2025-09-19 14:02:09,22.17,18200,22.16,U
sz000021,深科技,2025-09-19 14:02:24,22.19,31900,22.18,U
sz000021,深科技,2025-09-19 14:02:33,22.19,13500,22.19,U
sz000021,深科技,2025-09-19 14:02:39,22.18,13400,22.2,D
sz000021,深科技,2025-09-19 14:02:45,22.19,17400,22.19,D
sz000021,深科技,2025-09-19 14:02:51,22.19,29900,22.19,D
sz000021,深科技,2025-09-19 14:02:54,22.2,49400,22.19,U
sz000021,深科技,2025-09-19 14:02:57,22.2,26600,22.2,U
sz000021,深科技,2025-09-19 14:03:03,22.21,19100,22.21,U
sz000021,深科技,2025-09-19 14:03:06,22.21,10600,22.21,U
sz000021,深科技,2025-09-19 14:03:12,22.22,31200,22.21,U
sz000021,深科技,2025-09-19 14:03:18,22.24,17900,22.22,U
sz000021,深科技,2025-09-19 14:03:21,22.25,13200,22.24,U
sz000021,深科技,2025-09-19 14:03:24,22.25,25500,22.25,U
sz000021,深科技,2025-09-19 14:03:30,22.27,11200,22.26,U
sz000021,深科技,2025-09-19 14:03:33,22.28,14300,22.27,U
sz000021,深科技,2025-09-19 14:03:36,22.28,10100,22.28,U
sz000021,深科技,2025-09-19 14:03:39,22.28,20000,22.28,U
sz000021,深科技,2025-09-19 14:03:42,22.28,18300,22.28,U
sz000021,深科技,2025-09-19 14:03:45,22.29,56000,22.28,U
sz000021,深科技,2025-09-19 14:03:51,22.28,13100,22.29,D
sz000021,深科技,2025-09-19 14:03:54,22.28,17800,22.28,U
sz000021,深科技,2025-09-19 14:03:57,22.26,13200,22.28,D
sz000021,深科技,2025-09-19 14:04:00,22.27,23100,22.26,U
sz000021,深科技,2025-09-19 14:04:09,22.27,23100,22.27,U
sz000021,深科技,2025-09-19 14:04:15,22.29,17300,22.28,U
sz000021,深科技,2025-09-19 14:04:24,22.28,14000,22.29,D
sz000021,深科技,2025-09-19 14:04:33,22.29,9700,22.29,D
sz000021,深科技,2025-09-19 14:04:36,22.29,9400,22.29,U
sz000021,深科技,2025-09-19 14:04:39,22.29,25300,22.29,D
sz000021,深科技,2025-09-19 14:04:45,22.29,68300,22.3,D
sz000021,深科技,2025-09-19 14:05:00,22.29,51400,22.29,D
sz000021,深科技,2025-09-19 14:05:15,22.3,12700,22.3,U
sz000021,深科技,2025-09-19 14:05:18,22.3,44500,22.3,U
sz000021,深科技,2025-09-19 14:05:21,22.31,61600,22.3,U
sz000021,深科技,2025-09-19 14:05:24,22.31,11800,22.31,U
sz000021,深科技,2025-09-19 14:05:33,22.32,12300,22.31,U
sz000021,深科技,2025-09-19 14:05:42,22.32,10900,22.31,U
sz000021,深科技,2025-09-19 14:05:45,22.32,40600,22.32,U
sz000021,深科技,2025-09-19 14:05:51,22.31,12500,22.31,D
sz000021,深科技,2025-09-19 14:06:09,22.3,13300,22.3,D
sz000021,深科技,2025-09-19 14:06:12,22.3,15000,22.3,D
sz000021,深科技,2025-09-19 14:06:21,22.31,14300,22.3,U
sz000021,深科技,2025-09-19 14:06:33,22.3,14300,22.31,D
sz000021,深科技,2025-09-19 14:06:36,22.3,13400,22.3,D
sz000021,深科技,2025-09-19 14:06:42,22.31,42100,22.3,U
sz000021,深科技,2025-09-19 14:06:45,22.3,22200,22.31,D
sz000021,深科技,2025-09-19 14:06:48,22.32,16900,22.3,U
