symbol,name,ticktime,price,volume,prev_price,kind
sz002532,天山铝业,2025-10-21 09:25:00,12.03,193700,0.0,U
sz002532,天山铝业,2025-10-21 09:30:00,12.02,65400,12.03,D
sz002532,天山铝业,2025-10-21 09:30:03,12.03,65700,12.02,U
sz002532,天山铝业,2025-10-21 09:30:06,12.02,66100,12.03,E
sz002532,天山铝业,2025-10-21 09:30:09,12.01,38500,12.02,E
sz002532,天山铝业,2025-10-21 09:30:12,12.02,22400,12.01,U
sz002532,天山铝业,2025-10-21 09:30:15,12.02,56100,12.02,D
sz002532,天山铝业,2025-10-21 09:30:18,12.01,46200,12.02,D
sz002532,天山铝业,2025-10-21 09:30:24,12.0,28100,12.0,D
sz002532,天山铝业,2025-10-21 09:30:27,11.96,24100,12.0,D
sz002532,天山铝业,2025-10-21 09:30:30,11.98,57100,11.96,U
sz002532,天山铝业,2025-10-21 09:30:33,11.97,53600,11.98,U
sz002532,天山铝业,2025-10-21 09:30:36,12.0,123200,11.97,U
sz002532,天山铝业,2025-10-21 09:30:57,11.92,29400,11.94,D
sz002532,天山铝业,2025-10-21 09:31:00,11.92,31900,11.92,D
sz002532,天山铝业,2025-10-21 09:31:03,11.91,18600,11.92,D
sz002532,天山铝业,2025-10-21 09:31:09,11.9,29100,11.91,D
sz002532,天山铝业,2025-10-21 09:31:18,11.93,64749,11.91,U
sz002532,天山铝业,2025-10-21 09:31:33,11.95,37500,11.95,U
sz002532,天山铝业,2025-10-21 09:31:39,11.97,22000,11.97,D
sz002532,天山铝业,2025-10-21 09:32:00,12.02,29900,12.02,U
sz002532,天山铝业,2025-10-21 09:32:03,12.01,17200,12.02,U
sz002532,天山铝业,2025-10-21 09:32:09,12.01,27000,12.01,U
sz002532,天山铝业,2025-10-21 09:32:12,12.04,78100,12.01,U
sz002532,天山铝业,2025-10-21 09:32:15,12.02,35500,12.04,D
sz002532,天山铝业,2025-10-21 09:32:21,12.04,24000,12.02,U
sz002532,天山铝业,2025-10-21 09:32:33,12.03,25400,12.01,U
sz002532,天山铝业,2025-10-21 09:32:36,12.03,35500,12.03,U
sz002532,天山铝业,2025-10-21 09:32:39,12.04,16800,12.03,U
sz002532,天山铝业,2025-10-21 09:33:15,12.05,95500,12.04,U
sz002532,天山铝业,2025-10-21 09:33:27,12.06,19800,12.06,U
sz002532,天山铝业,2025-10-21 09:33:42,12.07,49800,12.06,U
sz002532,天山铝业,2025-10-21 09:33:45,12.07,20400,12.07,U
sz002532,天山铝业,2025-10-21 09:33:51,12.08,18500,12.07,U
sz002532,天山铝业,2025-10-21 09:33:54,12.1,136700,12.08,U
sz002532,天山铝业,2025-10-21 09:33:57,12.12,40600,12.1,U
sz002532,天山铝业,2025-10-21 09:34:03,12.11,43400,12.12,D
sz002532,天山铝业,2025-10-21 09:34:09,12.11,18600,12.12,D
sz002532,天山铝业,2025-10-21 09:34:12,12.13,29700,12.11,U
sz002532,天山铝业,2025-10-21 09:34:18,12.12,28500,12.11,U
sz002532,天山铝业,2025-10-21 09:34:21,12.12,65700,12.12,U
sz002532,天山铝业,2025-10-21 09:34:24,12.12,28300,12.12,D
sz002532,天山铝业,2025-10-21 09:34:27,12.12,16700,12.12,D
sz002532,天山铝业,2025-10-21 09:34:30,12.15,179700,12.12,U
sz002532,天山铝业,2025-10-21 09:34:33,12.15,18200,12.15,D
sz002532,天山铝业,2025-10-21 09:34:36,12.16,24700,12.15,U
sz002532,天山铝业,2025-10-21 09:34:42,12.15,24300,12.15,D
sz002532,天山铝业,2025-10-21 09:34:45,12.16,86600,12.15,E
sz002532,天山铝业,2025-10-21 09:34:54,12.17,52900,12.17,D
sz002532,天山铝业,2025-10-21 09:34:57,12.18,17500,12.17,E
sz002532,天山铝业,2025-10-21 09:35:00,12.19,32400,12.18,U
sz002532,天山铝业,2025-10-21 09:35:03,12.21,422000,12.19,U
sz002532,天山铝业,2025-10-21 09:35:06,12.21,69600,12.21,D
sz002532,天山铝业,2025-10-21 09:35:09,12.23,43800,12.21,E
sz002532,天山铝业,2025-10-21 09:35:12,12.21,66000,12.23,D
sz002532,天山铝业,2025-10-21 09:35:15,12.22,51800,12.21,E
sz002532,天山铝业,2025-10-21 09:35:18,12.22,41500,12.22,D
sz002532,天山铝业,2025-10-21 09:35:21,12.22,138800,12.22,D
sz002532,天山铝业,2025-10-21 09:35:24,12.23,41100,12.22,U
sz002532,天山铝业,2025-10-21 09:35:27,12.22,108500,12.23,D
sz002532,天山铝业,2025-10-21 09:35:33,12.23,26900,12.23,D
sz002532,天山铝业,2025-10-21 09:35:36,12.23,28500,12.23,U
sz002532,天山铝业,2025-10-21 09:35:39,12.23,82200,12.23,U
sz002532,天山铝业,2025-10-21 09:35:42,12.22,50100,12.23,D
sz002532,天山铝业,2025-10-21 09:35:48,12.2,18700,12.21,D
sz002532,天山铝业,2025-10-21 09:35:51,12.2,27800,12.2,D
sz002532,天山铝业,2025-10-21 09:35:57,12.19,21900,12.2,E
sz002532,天山铝业,2025-10-21 09:36:00,12.15,27500,12.19,D
sz002532,天山铝业,2025-10-21 09:36:12,12.17,21400,12.16,U
sz002532,天山铝业,2025-10-21 09:36:15,12.16,34100,12.17,D
sz002532,天山铝业,2025-10-21 09:36:18,12.17,41200,12.16,U
sz002532,天山铝业,2025-10-21 09:36:21,12.18,153000,12.17,U
sz002532,天山铝业,2025-10-21 09:36:27,12.2,72200,12.18,U
sz002532,天山铝业,2025-10-21 09:36:30,12.2,31600,12.2,E
sz002532,天山铝业,2025-10-21 09:36:33,12.21,26200,12.2,U
sz002532,天山铝业,2025-10-21 09:36:36,12.21,43400,12.21,U
sz002532,天山铝业,2025-10-21 09:36:39,12.22,72200,12.21,U
sz002532,天山铝业,2025-10-21 09:36:42,12.22,50400,12.22,U
sz002532,天山铝业,2025-10-21 09:36:45,12.22,25800,12.22,U
sz002532,天山铝业,2025-10-21 09:37:00,12.2,751400,12.21,D
sz002532,天山铝业,2025-10-21 09:37:03,12.22,172300,12.2,U
sz002532,天山铝业,2025-10-21 09:37:06,12.22,34200,12.22,D
sz002532,天山铝业,2025-10-21 09:37:09,12.21,26200,12.22,D
sz002532,天山铝业,2025-10-21 09:37:12,12.21,80400,12.21,U
sz002532,天山铝业,2025-10-21 09:37:21,12.21,46100,12.22,E
sz002532,天山铝业,2025-10-21 09:37:27,12.2,21300,12.2,U
sz002532,天山铝业,2025-10-21 09:37:30,12.2,85100,12.2,U
sz002532,天山铝业,2025-10-21 09:37:33,12.22,122300,12.2,U
sz002532,天山铝业,2025-10-21 09:37:36,12.24,391600,12.22,U
sz002532,天山铝业,2025-10-21 09:37:39,12.26,153900,12.24,U
sz002532,天山铝业,2025-10-21 09:37:42,12.28,66200,12.26,U
sz002532,天山铝业,2025-10-21 09:37:45,12.28,19400,12.28,U
sz002532,天山铝业,2025-10-21 09:37:51,12.28,60600,12.28,U
sz002532,天山铝业,2025-10-21 09:37:54,12.28,29700,12.28,D
sz002532,天山铝业,2025-10-21 09:37:57,12.29,47300,12.28,U
sz002532,天山铝业,2025-10-21 09:38:00,12.32,503120,12.29,U
sz002532,天山铝业,2025-10-21 09:38:03,12.32,98400,12.32,U
sz002532,天山铝业,2025-10-21 09:38:09,12.34,80200,12.32,U
sz002532,天山铝业,2025-10-21 09:38:12,12.35,93400,12.34,U
sz002532,天山铝业,2025-10-21 09:38:15,12.35,168800,12.35,U
sz002532,天山铝业,2025-10-21 09:38:18,12.35,16700,12.35,U
sz002532,天山铝业,2025-10-21 09:38:21,12.35,53100,12.35,U
sz002532,天山铝业,2025-10-21 09:38:24,12.36,37400,12.35,U
sz002532,天山铝业,2025-10-21 09:38:27,12.35,41800,12.36,D
sz002532,天山铝业,2025-10-21 09:38:30,12.36,144400,12.35,U
sz002532,天山铝业,2025-10-21 09:38:33,12.36,132800,12.36,U
sz002532,天山铝业,2025-10-21 09:38:36,12.36,190200,12.36,E
sz002532,天山铝业,2025-10-21 09:38:39,12.36,50400,12.36,D
sz002532,天山铝业,2025-10-21 09:38:42,12.36,95500,12.36,D
sz002532,天山铝业,2025-10-21 09:38:45,12.39,112900,12.36,U
sz002532,天山铝业,2025-10-21 09:38:48,12.35,30800,12.39,D
sz002532,天山铝业,2025-10-21 09:38:51,12.38,64800,12.35,U
sz002532,天山铝业,2025-10-21 09:38:57,12.37,27300,12.37,U
sz002532,天山铝业,2025-10-21 09:39:00,12.36,33000,12.37,U
sz002532,天山铝业,2025-10-21 09:39:03,12.36,17700,12.36,U
sz002532,天山铝业,2025-10-21 09:39:06,12.36,37800,12.36,U
sz002532,天山铝业,2025-10-21 09:39:18,12.34,72000,12.34,U
sz002532,天山铝业,2025-10-21 09:39:21,12.36,108700,12.34,U
sz002532,天山铝业,2025-10-21 09:39:24,12.36,18900,12.36,D
sz002532,天山铝业,2025-10-21 09:39:30,12.36,19300,12.37,D
sz002532,天山铝业,2025-10-21 09:39:33,12.35,17900,12.36,D
sz002532,天山铝业,2025-10-21 09:39:36,12.35,62000,12.35,D
sz002532,天山铝业,2025-10-21 09:39:39,12.32,107800,12.35,D
sz002532,天山铝业,2025-10-21 09:39:42,12.31,40800,12.32,D
sz002532,天山铝业,2025-10-21 09:39:48,12.28,101600,12.3,D
sz002532,天山铝业,2025-10-21 09:39:54,12.3,41300,12.29,U
sz002532,天山铝业,2025-10-21 09:39:57,12.31,23400,12.3,U
sz002532,天山铝业,2025-10-21 09:40:00,12.32,135000,12.31,U
sz002532,天山铝业,2025-10-21 09:40:03,12.35,125600,12.32,U
sz002532,天山铝业,2025-10-21 09:40:06,12.36,112600,12.35,U
sz002532,天山铝业,2025-10-21 09:40:09,12.36,26400,12.36,U
sz002532,天山铝业,2025-10-21 09:40:12,12.32,99300,12.36,D
sz002532,天山铝业,2025-10-21 09:40:15,12.34,208500,12.32,U
sz002532,天山铝业,2025-10-21 09:40:21,12.34,58600,12.33,U
sz002532,天山铝业,2025-10-21 09:40:24,12.35,22400,12.34,U
sz002532,天山铝业,2025-10-21 09:40:30,12.34,36400,12.33,U
sz002532,天山铝业,2025-10-21 09:40:33,12.33,52100,12.34,D
sz002532,天山铝业,2025-10-21 09:40:36,12.33,22300,12.33,D
sz002532,天山铝业,2025-10-21 09:40:39,12.34,27600,12.33,U
sz002532,天山铝业,2025-10-21 09:40:45,12.35,93000,12.34,U
sz002532,天山铝业,2025-10-21 09:40:48,12.38,110700,12.35,U
sz002532,天山铝业,2025-10-21 09:40:51,12.38,133200,12.38,U
sz002532,天山铝业,2025-10-21 09:40:54,12.37,55500,12.38,D
sz002532,天山铝业,2025-10-21 09:40:57,12.37,517300,12.37,D
sz002532,天山铝业,2025-10-21 09:41:00,12.38,53600,12.37,E
sz002532,天山铝业,2025-10-21 09:41:03,12.39,303600,12.38,U
sz002532,天山铝业,2025-10-21 09:41:06,12.39,81000,12.39,D
sz002532,天山铝业,2025-10-21 09:41:09,12.41,173000,12.39,U
sz002532,天山铝业,2025-10-21 09:41:12,12.44,153900,12.41,U
sz002532,天山铝业,2025-10-21 09:41:15,12.42,34100,12.44,D
sz002532,天山铝业,2025-10-21 09:41:18,12.42,19700,12.42,D
sz002532,天山铝业,2025-10-21 09:41:21,12.44,36300,12.42,U
sz002532,天山铝业,2025-10-21 09:41:24,12.42,36000,12.44,D
sz002532,天山铝业,2025-10-21 09:41:27,12.43,59800,12.42,U
sz002532,天山铝业,2025-10-21 09:41:30,12.43,60500,12.43,U
sz002532,天山铝业,2025-10-21 09:41:36,12.44,181000,12.43,U
sz002532,天山铝业,2025-10-21 09:41:39,12.44,25700,12.44,D
sz002532,天山铝业,2025-10-21 09:41:42,12.44,47100,12.44,D
sz002532,天山铝业,2025-10-21 09:41:45,12.44,39600,12.44,E
sz002532,天山铝业,2025-10-21 09:41:51,12.44,76800,12.44,U
sz002532,天山铝业,2025-10-21 09:41:54,12.46,22000,12.44,U
sz002532,天山铝业,2025-10-21 09:41:57,12.48,366540,12.46,U
sz002532,天山铝业,2025-10-21 09:42:00,12.52,268500,12.48,U
sz002532,天山铝业,2025-10-21 09:42:03,12.54,34600,12.52,U
sz002532,天山铝业,2025-10-21 09:42:06,12.53,78100,12.54,D
sz002532,天山铝业,2025-10-21 09:42:09,12.55,80400,12.53,U
sz002532,天山铝业,2025-10-21 09:42:12,12.53,37900,12.55,D
sz002532,天山铝业,2025-10-21 09:42:15,12.51,161100,12.53,D
sz002532,天山铝业,2025-10-21 09:42:21,12.47,21500,12.5,D
sz002532,天山铝业,2025-10-21 09:42:24,12.46,505300,12.47,D
sz002532,天山铝业,2025-10-21 09:42:27,12.47,116200,12.46,E
sz002532,天山铝业,2025-10-21 09:42:33,12.48,104700,12.48,U
sz002532,天山铝业,2025-10-21 09:42:39,12.48,43300,12.48,D
sz002532,天山铝业,2025-10-21 09:42:42,12.49,27000,12.48,U
sz002532,天山铝业,2025-10-21 09:42:45,12.47,30800,12.49,D
sz002532,天山铝业,2025-10-21 09:42:48,12.47,63500,12.47,U
sz002532,天山铝业,2025-10-21 09:42:54,12.49,126200,12.47,U
sz002532,天山铝业,2025-10-21 09:42:57,12.47,17800,12.49,E
sz002532,天山铝业,2025-10-21 09:43:03,12.47,23900,12.47,D
sz002532,天山铝业,2025-10-21 09:43:06,12.48,143500,12.47,U
sz002532,天山铝业,2025-10-21 09:43:12,12.49,17500,12.47,U
sz002532,天山铝业,2025-10-21 09:43:15,12.49,30700,12.49,D
sz002532,天山铝业,2025-10-21 09:43:18,12.48,69000,12.49,D
sz002532,天山铝业,2025-10-21 09:43:36,12.49,44900,12.48,U
sz002532,天山铝业,2025-10-21 09:43:42,12.46,16200,12.46,D
sz002532,天山铝业,2025-10-21 09:43:45,12.47,79400,12.46,U
sz002532,天山铝业,2025-10-21 09:43:48,12.45,22500,12.47,E
sz002532,天山铝业,2025-10-21 09:43:54,12.45,25300,12.47,D
sz002532,天山铝业,2025-10-21 09:43:57,12.49,21700,12.45,U
sz002532,天山铝业,2025-10-21 09:44:06,12.46,17800,12.46,E
sz002532,天山铝业,2025-10-21 09:44:09,12.43,50300,12.46,D
sz002532,天山铝业,2025-10-21 09:44:12,12.42,26800,12.43,D
sz002532,天山铝业,2025-10-21 09:44:15,12.4,19000,12.42,D
sz002532,天山铝业,2025-10-21 09:44:18,12.42,49300,12.4,E
sz002532,天山铝业,2025-10-21 09:44:24,12.43,25400,12.42,E
sz002532,天山铝业,2025-10-21 09:44:27,12.43,25900,12.43,D
sz002532,天山铝业,2025-10-21 09:44:33,12.44,29600,12.43,U
sz002532,天山铝业,2025-10-21 09:45:06,12.42,74700,12.41,E
sz002532,天山铝业,2025-10-21 09:45:09,12.46,223500,12.42,U
sz002532,天山铝业,2025-10-21 09:45:12,12.47,62600,12.46,U
sz002532,天山铝业,2025-10-21 09:45:15,12.48,61900,12.47,U
sz002532,天山铝业,2025-10-21 09:45:18,12.49,18300,12.48,U
sz002532,天山铝业,2025-10-21 09:45:21,12.48,32900,12.49,D
sz002532,天山铝业,2025-10-21 09:45:24,12.48,43900,12.48,U
sz002532,天山铝业,2025-10-21 09:45:27,12.48,49100,12.48,U
sz002532,天山铝业,2025-10-21 09:45:33,12.48,35000,12.48,U
sz002532,天山铝业,2025-10-21 09:45:36,12.47,33100,12.48,U
sz002532,天山铝业,2025-10-21 09:45:39,12.48,29400,12.47,U
sz002532,天山铝业,2025-10-21 09:45:54,12.47,24400,12.47,D
sz002532,天山铝业,2025-10-21 09:45:57,12.46,18900,12.47,E
sz002532,天山铝业,2025-10-21 09:46:00,12.48,19400,12.46,U
sz002532,天山铝业,2025-10-21 09:46:03,12.47,353000,12.48,U
sz002532,天山铝业,2025-10-21 09:46:06,12.45,106100,12.47,D
sz002532,天山铝业,2025-10-21 09:46:09,12.46,28400,12.45,U
sz002532,天山铝业,2025-10-21 09:46:12,12.46,142900,12.46,E
sz002532,天山铝业,2025-10-21 09:46:15,12.47,41400,12.46,U
sz002532,天山铝业,2025-10-21 09:46:18,12.47,28000,12.47,U
sz002532,天山铝业,2025-10-21 09:46:42,12.45,129200,12.46,D
sz002532,天山铝业,2025-10-21 09:46:45,12.45,19100,12.45,U
sz002532,天山铝业,2025-10-21 09:46:48,12.45,24000,12.45,D
sz002532,天山铝业,2025-10-21 09:47:00,12.43,21600,12.44,D
sz002532,天山铝业,2025-10-21 09:47:06,12.45,34000,12.45,U
sz002532,天山铝业,2025-10-21 09:47:18,12.43,31900,12.44,D
sz002532,天山铝业,2025-10-21 09:47:24,12.41,19100,12.43,D
sz002532,天山铝业,2025-10-21 09:47:27,12.42,27800,12.41,D
sz002532,天山铝业,2025-10-21 09:47:30,12.42,64600,12.42,D
sz002532,天山铝业,2025-10-21 09:47:48,12.41,16400,12.41,D
sz002532,天山铝业,2025-10-21 09:47:51,12.41,25100,12.41,D
sz002532,天山铝业,2025-10-21 09:47:54,12.4,22300,12.41,D
sz002532,天山铝业,2025-10-21 09:47:57,12.4,32200,12.4,D
sz002532,天山铝业,2025-10-21 09:48:00,12.43,178800,12.4,U
sz002532,天山铝业,2025-10-21 09:48:06,12.45,58200,12.43,U
sz002532,天山铝业,2025-10-21 09:48:12,12.45,17400,12.44,U
sz002532,天山铝业,2025-10-21 09:48:18,12.44,17000,12.44,D
sz002532,天山铝业,2025-10-21 09:48:27,12.43,26000,12.43,D
sz002532,天山铝业,2025-10-21 09:48:30,12.42,41100,12.43,D
sz002532,天山铝业,2025-10-21 09:48:39,12.4,16400,12.42,D
sz002532,天山铝业,2025-10-21 09:48:42,12.4,16800,12.4,U
sz002532,天山铝业,2025-10-21 09:48:51,12.38,66900,12.4,D
sz002532,天山铝业,2025-10-21 09:49:24,12.38,16700,12.38,U
sz002532,天山铝业,2025-10-21 09:49:39,12.37,31800,12.36,U
sz002532,天山铝业,2025-10-21 09:49:42,12.37,28500,12.37,D
sz002532,天山铝业,2025-10-21 09:50:03,12.4,35500,12.39,U
sz002532,天山铝业,2025-10-21 09:50:18,12.42,20200,12.42,D
sz002532,天山铝业,2025-10-21 09:50:21,12.43,18900,12.42,U
sz002532,天山铝业,2025-10-21 09:50:42,12.44,93500,12.44,U
sz002532,天山铝业,2025-10-21 09:50:51,12.43,22800,12.44,D
sz002532,天山铝业,2025-10-21 09:51:21,12.43,21200,12.42,U
sz002532,天山铝业,2025-10-21 09:51:48,12.43,30900,12.43,U
sz002532,天山铝业,2025-10-21 09:51:51,12.44,48700,12.43,U
sz002532,天山铝业,2025-10-21 09:51:54,12.44,25900,12.44,U
sz002532,天山铝业,2025-10-21 09:52:00,12.43,22800,12.44,D
sz002532,天山铝业,2025-10-21 09:52:12,12.4,42400,12.42,D
sz002532,天山铝业,2025-10-21 09:52:21,12.38,29700,12.39,D
sz002532,天山铝业,2025-10-21 09:52:33,12.37,18200,12.37,D
sz002532,天山铝业,2025-10-21 09:52:36,12.37,22500,12.37,E
sz002532,天山铝业,2025-10-21 09:52:42,12.36,46000,12.37,D
sz002532,天山铝业,2025-10-21 09:52:54,12.35,24500,12.36,D
sz002532,天山铝业,2025-10-21 09:52:57,12.34,25700,12.35,D
sz002532,天山铝业,2025-10-21 09:53:03,12.35,64200,12.35,U
sz002532,天山铝业,2025-10-21 09:53:12,12.34,18300,12.34,D
sz002532,天山铝业,2025-10-21 09:53:15,12.35,17200,12.34,U
sz002532,天山铝业,2025-10-21 09:53:42,12.32,23700,12.32,D
sz002532,天山铝业,2025-10-21 09:53:54,12.3,332300,12.32,D
sz002532,天山铝业,2025-10-21 09:54:00,12.32,53400,12.31,U
sz002532,天山铝业,2025-10-21 09:54:03,12.31,34000,12.32,E
sz002532,天山铝业,2025-10-21 09:54:18,12.3,23100,12.31,D
sz002532,天山铝业,2025-10-21 09:54:21,12.3,65100,12.3,D
sz002532,天山铝业,2025-10-21 09:54:39,12.31,17600,12.3,U
sz002532,天山铝业,2025-10-21 09:54:45,12.31,22300,12.31,U
sz002532,天山铝业,2025-10-21 09:55:06,12.31,31400,12.3,U
sz002532,天山铝业,2025-10-21 09:55:12,12.29,371100,12.31,D
sz002532,天山铝业,2025-10-21 09:55:15,12.27,103100,12.29,D
sz002532,天山铝业,2025-10-21 09:55:18,12.27,36400,12.27,U
sz002532,天山铝业,2025-10-21 09:55:21,12.27,49200,12.27,U
sz002532,天山铝业,2025-10-21 09:55:24,12.26,27400,12.27,D
sz002532,天山铝业,2025-10-21 09:55:33,12.26,18900,12.29,D
sz002532,天山铝业,2025-10-21 09:55:45,12.28,17100,12.26,U
sz002532,天山铝业,2025-10-21 09:55:51,12.26,20600,12.28,D
sz002532,天山铝业,2025-10-21 09:55:54,12.26,19700,12.26,D
sz002532,天山铝业,2025-10-21 09:56:00,12.3,27000,12.26,U
sz002532,天山铝业,2025-10-21 09:56:06,12.3,46700,12.3,U
sz002532,天山铝业,2025-10-21 09:56:45,12.3,34300,12.3,E
sz002532,天山铝业,2025-10-21 09:57:06,12.31,19000,12.31,U
sz002532,天山铝业,2025-10-21 09:57:33,12.31,20100,12.31,U
sz002532,天山铝业,2025-10-21 09:57:39,12.35,45900,12.31,U
sz002532,天山铝业,2025-10-21 09:57:45,12.36,61000,12.35,U
sz002532,天山铝业,2025-10-21 09:57:48,12.35,22400,12.36,D
sz002532,天山铝业,2025-10-21 09:57:51,12.35,18800,12.35,D
sz002532,天山铝业,2025-10-21 09:57:54,12.36,22100,12.35,E
sz002532,天山铝业,2025-10-21 09:58:15,12.31,20300,12.31,D
sz002532,天山铝业,2025-10-21 09:59:03,12.35,17500,12.34,U
sz002532,天山铝业,2025-10-21 09:59:18,12.34,30100,12.34,U
sz002532,天山铝业,2025-10-21 09:59:36,12.3,50900,12.31,D
sz002532,天山铝业,2025-10-21 09:59:57,12.3,24400,12.3,U
sz002532,天山铝业,2025-10-21 10:00:30,12.28,27700,12.31,D
sz002532,天山铝业,2025-10-21 10:00:36,12.26,33300,12.29,D
sz002532,天山铝业,2025-10-21 10:00:57,12.27,37800,12.27,U
sz002532,天山铝业,2025-10-21 10:01:12,12.27,18800,12.29,D
sz002532,天山铝业,2025-10-21 10:01:27,12.27,35045,12.27,U
sz002532,天山铝业,2025-10-21 10:01:30,12.26,35500,12.27,D
sz002532,天山铝业,2025-10-21 10:01:48,12.26,20800,12.26,U
sz002532,天山铝业,2025-10-21 10:01:57,12.25,148900,12.25,D
sz002532,天山铝业,2025-10-21 10:02:03,12.23,40300,12.23,D
sz002532,天山铝业,2025-10-21 10:02:06,12.26,38300,12.23,U
sz002532,天山铝业,2025-10-21 10:02:09,12.24,18300,12.26,E
sz002532,天山铝业,2025-10-21 10:02:12,12.24,19200,12.24,U
sz002532,天山铝业,2025-10-21 10:02:15,12.23,59900,12.24,D
sz002532,天山铝业,2025-10-21 10:02:18,12.24,28600,12.23,U
sz002532,天山铝业,2025-10-21 10:02:21,12.22,19500,12.24,D
sz002532,天山铝业,2025-10-21 10:02:24,12.23,31000,12.22,U
sz002532,天山铝业,2025-10-21 10:02:30,12.24,17000,12.23,U
sz002532,天山铝业,2025-10-21 10:02:42,12.23,46100,12.24,D
sz002532,天山铝业,2025-10-21 10:02:51,12.23,22000,12.25,D
sz002532,天山铝业,2025-10-21 10:03:27,12.25,18400,12.25,D
sz002532,天山铝业,2025-10-21 10:03:36,12.26,18400,12.24,U
sz002532,天山铝业,2025-10-21 10:03:51,12.26,23300,12.25,U
sz002532,天山铝业,2025-10-21 10:04:03,12.28,63300,12.28,U
sz002532,天山铝业,2025-10-21 10:04:06,12.28,29800,12.28,D
sz002532,天山铝业,2025-10-21 10:04:09,12.3,67400,12.28,E
sz002532,天山铝业,2025-10-21 10:04:12,12.31,21400,12.3,U
sz002532,天山铝业,2025-10-21 10:04:15,12.31,20300,12.31,U
sz002532,天山铝业,2025-10-21 10:04:18,12.31,28100,12.31,U
sz002532,天山铝业,2025-10-21 10:04:21,12.29,25500,12.31,D
sz002532,天山铝业,2025-10-21 10:04:24,12.31,44600,12.29,U
sz002532,天山铝业,2025-10-21 10:04:27,12.31,18100,12.31,D
sz002532,天山铝业,2025-10-21 10:04:30,12.31,16700,12.31,D
sz002532,天山铝业,2025-10-21 10:04:33,12.31,79800,12.31,U
sz002532,天山铝业,2025-10-21 10:04:36,12.31,22000,12.31,D
sz002532,天山铝业,2025-10-21 10:04:39,12.31,22600,12.31,U
sz002532,天山铝业,2025-10-21 10:04:42,12.33,42600,12.31,U
sz002532,天山铝业,2025-10-21 10:04:48,12.33,22600,12.33,D
sz002532,天山铝业,2025-10-21 10:04:51,12.35,40100,12.33,U
sz002532,天山铝业,2025-10-21 10:04:54,12.35,66600,12.35,D
sz002532,天山铝业,2025-10-21 10:04:57,12.35,24800,12.35,U
sz002532,天山铝业,2025-10-21 10:05:03,12.33,25000,12.33,D
sz002532,天山铝业,2025-10-21 10:05:12,12.35,84800,12.33,U
sz002532,天山铝业,2025-10-21 10:05:15,12.35,28500,12.35,D
sz002532,天山铝业,2025-10-21 10:05:18,12.35,25500,12.35,D
sz002532,天山铝业,2025-10-21 10:05:21,12.35,62000,12.35,D
sz002532,天山铝业,2025-10-21 10:05:24,12.35,20700,12.35,D
sz002532,天山铝业,2025-10-21 10:05:27,12.38,34700,12.35,U
sz002532,天山铝业,2025-10-21 10:05:30,12.38,45000,12.38,U
sz002532,天山铝业,2025-10-21 10:05:33,12.37,20500,12.38,E
sz002532,天山铝业,2025-10-21 10:05:36,12.35,31800,12.37,D
sz002532,天山铝业,2025-10-21 10:06:00,12.38,17200,12.37,U
sz002532,天山铝业,2025-10-21 10:06:03,12.38,18700,12.38,U
sz002532,天山铝业,2025-10-21 10:06:09,12.37,90800,12.37,D
sz002532,天山铝业,2025-10-21 10:06:15,12.34,22200,12.35,D
sz002532,天山铝业,2025-10-21 10:06:18,12.34,16600,12.34,D
sz002532,天山铝业,2025-10-21 10:06:30,12.31,33300,12.34,D
sz002532,天山铝业,2025-10-21 10:06:36,12.31,29900,12.31,D
sz002532,天山铝业,2025-10-21 10:06:54,12.32,22100,12.32,D
sz002532,天山铝业,2025-10-21 10:07:06,12.32,17500,12.32,D
sz002532,天山铝业,2025-10-21 10:07:09,12.31,20400,12.32,D
sz002532,天山铝业,2025-10-21 10:07:15,12.31,20900,12.31,U
sz002532,天山铝业,2025-10-21 10:07:27,12.3,30900,12.31,D
sz002532,天山铝业,2025-10-21 10:07:30,12.3,39200,12.3,U
sz002532,天山铝业,2025-10-21 10:07:33,12.28,18300,12.3,D
sz002532,天山铝业,2025-10-21 10:07:36,12.28,21500,12.28,U
sz002532,天山铝业,2025-10-21 10:07:51,12.3,16900,12.3,D
sz002532,天山铝业,2025-10-21 10:07:54,12.31,23000,12.3,U
sz002532,天山铝业,2025-10-21 10:07:57,12.31,20800,12.31,D
sz002532,天山铝业,2025-10-21 10:08:09,12.34,20200,12.34,U
sz002532,天山铝业,2025-10-21 10:08:27,12.34,41100,12.34,D
sz002532,天山铝业,2025-10-21 10:08:30,12.34,31400,12.34,D
sz002532,天山铝业,2025-10-21 10:08:33,12.34,26600,12.34,D
sz002532,天山铝业,2025-10-21 10:08:36,12.34,25100,12.34,D
sz002532,天山铝业,2025-10-21 10:08:39,12.33,21400,12.34,D
sz002532,天山铝业,2025-10-21 10:09:12,12.3,86384,12.3,D
sz002532,天山铝业,2025-10-21 10:09:15,12.27,23500,12.3,D
sz002532,天山铝业,2025-10-21 10:09:18,12.27,26600,12.27,U
sz002532,天山铝业,2025-10-21 10:09:21,12.3,22400,12.27,U
sz002532,天山铝业,2025-10-21 10:09:24,12.3,24700,12.3,U
sz002532,天山铝业,2025-10-21 10:09:30,12.29,19900,12.27,E
sz002532,天山铝业,2025-10-21 10:09:39,12.29,28300,12.27,U
sz002532,天山铝业,2025-10-21 10:09:42,12.31,26100,12.29,U
sz002532,天山铝业,2025-10-21 10:09:48,12.29,16800,12.28,U
sz002532,天山铝业,2025-10-21 10:10:00,12.28,70000,12.28,D
sz002532,天山铝业,2025-10-21 10:10:03,12.28,26400,12.28,U
sz002532,天山铝业,2025-10-21 10:10:12,12.25,82800,12.27,D
sz002532,天山铝业,2025-10-21 10:10:15,12.24,32600,12.25,D
sz002532,天山铝业,2025-10-21 10:10:18,12.26,56800,12.24,U
sz002532,天山铝业,2025-10-21 10:10:21,12.24,40600,12.26,D
sz002532,天山铝业,2025-10-21 10:10:36,12.26,17500,12.26,U
sz002532,天山铝业,2025-10-21 10:10:54,12.24,18100,12.25,D
sz002532,天山铝业,2025-10-21 10:10:57,12.24,18300,12.24,D
sz002532,天山铝业,2025-10-21 10:11:00,12.25,18100,12.24,U
sz002532,天山铝业,2025-10-21 10:11:03,12.25,38500,12.25,U
sz002532,天山铝业,2025-10-21 10:11:09,12.26,16800,12.25,U
sz002532,天山铝业,2025-10-21 10:11:21,12.27,28500,12.27,D
sz002532,天山铝业,2025-10-21 10:11:24,12.28,18300,12.27,U
sz002532,天山铝业,2025-10-21 10:11:27,12.27,33200,12.28,D
sz002532,天山铝业,2025-10-21 10:11:30,12.27,17300,12.27,U
sz002532,天山铝业,2025-10-21 10:11:42,12.28,21600,12.27,E
sz002532,天山铝业,2025-10-21 10:11:48,12.26,54100,12.27,D
sz002532,天山铝业,2025-10-21 10:11:54,12.27,57300,12.25,U
sz002532,天山铝业,2025-10-21 10:12:00,12.27,25900,12.25,U
sz002532,天山铝业,2025-10-21 10:12:06,12.25,22300,12.25,D
sz002532,天山铝业,2025-10-21 10:12:15,12.26,25300,12.26,U
sz002532,天山铝业,2025-10-21 10:12:21,12.25,28000,12.26,D
sz002532,天山铝业,2025-10-21 10:12:27,12.27,27900,12.26,U
sz002532,天山铝业,2025-10-21 10:12:30,12.26,16900,12.27,D
sz002532,天山铝业,2025-10-21 10:12:33,12.27,24400,12.26,U
sz002532,天山铝业,2025-10-21 10:12:36,12.26,45900,12.27,E
sz002532,天山铝业,2025-10-21 10:12:39,12.26,19300,12.26,D
sz002532,天山铝业,2025-10-21 10:12:42,12.26,23100,12.26,E
sz002532,天山铝业,2025-10-21 10:12:48,12.26,21200,12.26,D
sz002532,天山铝业,2025-10-21 10:13:00,12.27,24700,12.27,D
sz002532,天山铝业,2025-10-21 10:13:06,12.28,43200,12.28,D
sz002532,天山铝业,2025-10-21 10:13:09,12.3,30500,12.28,U
sz002532,天山铝业,2025-10-21 10:13:12,12.27,29600,12.3,D
sz002532,天山铝业,2025-10-21 10:13:15,12.28,46800,12.27,U
sz002532,天山铝业,2025-10-21 10:13:18,12.25,29700,12.28,D
sz002532,天山铝业,2025-10-21 10:13:21,12.26,33900,12.25,U
sz002532,天山铝业,2025-10-21 10:13:24,12.26,22500,12.26,D
sz002532,天山铝业,2025-10-21 10:13:27,12.25,32800,12.26,D
sz002532,天山铝业,2025-10-21 10:13:33,12.25,35900,12.24,U
sz002532,天山铝业,2025-10-21 10:13:36,12.25,38400,12.25,D
sz002532,天山铝业,2025-10-21 10:13:39,12.26,24300,12.25,U
sz002532,天山铝业,2025-10-21 10:13:42,12.26,26100,12.26,U
sz002532,天山铝业,2025-10-21 10:13:45,12.26,32700,12.26,D
sz002532,天山铝业,2025-10-21 10:13:48,12.27,16500,12.26,U
sz002532,天山铝业,2025-10-21 10:13:54,12.27,22900,12.26,D
sz002532,天山铝业,2025-10-21 10:14:06,12.29,27400,12.28,U
sz002532,天山铝业,2025-10-21 10:14:09,12.3,25000,12.29,U
sz002532,天山铝业,2025-10-21 10:14:15,12.31,49900,12.3,U
sz002532,天山铝业,2025-10-21 10:14:18,12.3,38200,12.31,D
sz002532,天山铝业,2025-10-21 10:14:21,12.3,35700,12.3,D
sz002532,天山铝业,2025-10-21 10:14:24,12.3,22900,12.3,D
sz002532,天山铝业,2025-10-21 10:14:27,12.3,30900,12.3,D
sz002532,天山铝业,2025-10-21 10:14:30,12.3,27000,12.3,D
sz002532,天山铝业,2025-10-21 10:14:33,12.3,26600,12.3,D
sz002532,天山铝业,2025-10-21 10:14:36,12.31,25100,12.3,U
sz002532,天山铝业,2025-10-21 10:14:39,12.31,44600,12.31,D
sz002532,天山铝业,2025-10-21 10:14:42,12.32,28200,12.31,U
sz002532,天山铝业,2025-10-21 10:14:45,12.3,32200,12.32,D
sz002532,天山铝业,2025-10-21 10:14:51,12.31,21500,12.3,U
sz002532,天山铝业,2025-10-21 10:15:21,12.28,67800,12.29,E
sz002532,天山铝业,2025-10-21 10:15:24,12.27,52000,12.28,D
sz002532,天山铝业,2025-10-21 10:15:27,12.3,29100,12.27,U
sz002532,天山铝业,2025-10-21 10:15:42,12.23,70100,12.24,D
sz002532,天山铝业,2025-10-21 10:15:45,12.22,22700,12.23,D
sz002532,天山铝业,2025-10-21 10:15:57,12.2,87400,12.21,D
sz002532,天山铝业,2025-10-21 10:16:03,12.21,28500,12.2,U
sz002532,天山铝业,2025-10-21 10:16:06,12.21,28100,12.21,U
sz002532,天山铝业,2025-10-21 10:16:24,12.19,170000,12.21,D
sz002532,天山铝业,2025-10-21 10:16:36,12.19,23000,12.18,U
sz002532,天山铝业,2025-10-21 10:16:45,12.19,23500,12.19,D
sz002532,天山铝业,2025-10-21 10:18:00,12.22,30347,12.23,D
sz002532,天山铝业,2025-10-21 10:18:36,12.21,992300,12.19,U
sz002532,天山铝业,2025-10-21 10:18:39,12.21,105500,12.21,D
sz002532,天山铝业,2025-10-21 10:18:42,12.2,37300,12.21,D
sz002532,天山铝业,2025-10-21 10:18:57,12.2,150800,12.2,U
sz002532,天山铝业,2025-10-21 10:19:00,12.2,45600,12.2,D
sz002532,天山铝业,2025-10-21 10:19:03,12.2,20900,12.2,D
sz002532,天山铝业,2025-10-21 10:19:06,12.19,18900,12.2,D
sz002532,天山铝业,2025-10-21 10:19:36,12.2,31200,12.21,D
sz002532,天山铝业,2025-10-21 10:20:33,12.26,20700,12.27,E
sz002532,天山铝业,2025-10-21 10:20:39,12.28,28000,12.29,E
sz002532,天山铝业,2025-10-21 10:20:48,12.3,22400,12.28,U
sz002532,天山铝业,2025-10-21 10:22:48,12.24,23400,12.24,U
sz002532,天山铝业,2025-10-21 10:23:06,12.25,24200,12.23,U
sz002532,天山铝业,2025-10-21 10:24:27,12.27,123000,12.24,U
sz002532,天山铝业,2025-10-21 10:25:15,12.29,21700,12.28,U
sz002532,天山铝业,2025-10-21 10:26:33,12.3,20300,12.29,U
sz002532,天山铝业,2025-10-21 10:27:27,12.3,43400,12.28,U
sz002532,天山铝业,2025-10-21 10:28:00,12.28,24000,12.28,D
sz002532,天山铝业,2025-10-21 10:28:30,12.3,21600,12.3,U
sz002532,天山铝业,2025-10-21 10:28:48,12.29,17000,12.29,U
sz002532,天山铝业,2025-10-21 10:29:18,12.3,43300,12.29,U
sz002532,天山铝业,2025-10-21 10:30:27,12.27,16700,12.27,U
sz002532,天山铝业,2025-10-21 10:31:45,12.25,30900,12.25,D
sz002532,天山铝业,2025-10-21 10:32:03,12.24,19000,12.26,D
sz002532,天山铝业,2025-10-21 10:32:09,12.26,22300,12.26,U
sz002532,天山铝业,2025-10-21 10:32:18,12.26,22300,12.26,U
sz002532,天山铝业,2025-10-21 10:32:54,12.26,41600,12.25,U
sz002532,天山铝业,2025-10-21 10:33:09,12.27,20300,12.27,U
sz002532,天山铝业,2025-10-21 10:33:42,12.29,21900,12.29,D
sz002532,天山铝业,2025-10-21 10:33:51,12.3,67000,12.3,U
sz002532,天山铝业,2025-10-21 10:33:57,12.3,19700,12.3,U
sz002532,天山铝业,2025-10-21 10:34:12,12.3,23400,12.3,D
sz002532,天山铝业,2025-10-21 10:35:03,12.33,20800,12.32,U
sz002532,天山铝业,2025-10-21 10:35:12,12.34,18100,12.34,U
sz002532,天山铝业,2025-10-21 10:35:24,12.34,18800,12.33,U
sz002532,天山铝业,2025-10-21 10:35:51,12.36,25900,12.35,U
sz002532,天山铝业,2025-10-21 10:36:03,12.35,44600,12.36,D
sz002532,天山铝业,2025-10-21 10:36:09,12.36,25100,12.36,U
sz002532,天山铝业,2025-10-21 10:36:24,12.37,16200,12.36,U
sz002532,天山铝业,2025-10-21 10:36:27,12.38,38400,12.37,U
sz002532,天山铝业,2025-10-21 10:36:42,12.37,25800,12.38,U
sz002532,天山铝业,2025-10-21 10:36:48,12.37,23700,12.37,U
sz002532,天山铝业,2025-10-21 10:36:51,12.36,36900,12.37,D
sz002532,天山铝业,2025-10-21 10:37:06,12.37,22600,12.37,U
sz002532,天山铝业,2025-10-21 10:37:15,12.36,30700,12.36,D
sz002532,天山铝业,2025-10-21 10:37:30,12.36,28400,12.35,U
sz002532,天山铝业,2025-10-21 10:37:51,12.36,23600,12.35,U
sz002532,天山铝业,2025-10-21 10:37:54,12.35,22000,12.36,D
sz002532,天山铝业,2025-10-21 10:37:57,12.35,23500,12.35,D
sz002532,天山铝业,2025-10-21 10:38:09,12.35,20400,12.36,D
sz002532,天山铝业,2025-10-21 10:38:12,12.35,24400,12.35,U
sz002532,天山铝业,2025-10-21 10:38:30,12.34,53400,12.36,D
sz002532,天山铝业,2025-10-21 10:38:42,12.34,28700,12.33,U
sz002532,天山铝业,2025-10-21 10:39:15,12.33,22600,12.33,D
sz002532,天山铝业,2025-10-21 10:39:27,12.33,31200,12.34,D
sz002532,天山铝业,2025-10-21 10:39:33,12.33,25900,12.32,U
sz002532,天山铝业,2025-10-21 10:39:42,12.35,23300,12.34,U
sz002532,天山铝业,2025-10-21 10:39:51,12.34,29700,12.34,D
sz002532,天山铝业,2025-10-21 10:40:24,12.35,44400,12.36,D
sz002532,天山铝业,2025-10-21 10:40:27,12.34,33300,12.35,D
sz002532,天山铝业,2025-10-21 10:40:54,12.33,38600,12.34,D
sz002532,天山铝业,2025-10-21 10:41:18,12.33,29300,12.34,D
sz002532,天山铝业,2025-10-21 10:41:21,12.32,31600,12.33,D
sz002532,天山铝业,2025-10-21 10:42:00,12.32,85400,12.33,D
sz002532,天山铝业,2025-10-21 10:42:09,12.31,19100,12.32,D
sz002532,天山铝业,2025-10-21 10:42:36,12.31,36300,12.32,D
sz002532,天山铝业,2025-10-21 10:43:00,12.3,74200,12.31,D
sz002532,天山铝业,2025-10-21 10:43:06,12.31,28000,12.29,U
sz002532,天山铝业,2025-10-21 10:43:09,12.31,20800,12.31,U
sz002532,天山铝业,2025-10-21 10:43:33,12.34,32400,12.33,U
sz002532,天山铝业,2025-10-21 10:44:09,12.34,21900,12.34,D
sz002532,天山铝业,2025-10-21 10:44:12,12.34,19600,12.34,D
sz002532,天山铝业,2025-10-21 10:44:24,12.34,29100,12.34,D
sz002532,天山铝业,2025-10-21 10:44:39,12.35,16300,12.36,D
sz002532,天山铝业,2025-10-21 10:44:42,12.36,45400,12.35,U
sz002532,天山铝业,2025-10-21 10:44:45,12.33,57800,12.36,D
sz002532,天山铝业,2025-10-21 10:45:06,12.32,27500,12.34,D
sz002532,天山铝业,2025-10-21 10:45:36,12.3,26600,12.29,U
sz002532,天山铝业,2025-10-21 10:46:09,12.31,28500,12.3,U
sz002532,天山铝业,2025-10-21 10:46:42,12.34,25400,12.33,U
sz002532,天山铝业,2025-10-21 10:47:00,12.36,20700,12.36,D
sz002532,天山铝业,2025-10-21 10:47:18,12.38,23900,12.37,U
sz002532,天山铝业,2025-10-21 10:47:45,12.38,72900,12.39,E
sz002532,天山铝业,2025-10-21 10:47:48,12.38,22200,12.38,D
sz002532,天山铝业,2025-10-21 10:47:57,12.37,37900,12.38,D
sz002532,天山铝业,2025-10-21 10:48:15,12.37,17400,12.38,D
sz002532,天山铝业,2025-10-21 10:48:18,12.39,21100,12.37,U
sz002532,天山铝业,2025-10-21 10:49:45,12.31,19967,12.34,D
sz002532,天山铝业,2025-10-21 10:50:00,12.33,37400,12.32,U
sz002532,天山铝业,2025-10-21 10:50:54,12.36,31700,12.34,U
sz002532,天山铝业,2025-10-21 10:51:03,12.36,27400,12.36,D
sz002532,天山铝业,2025-10-21 10:51:18,12.36,28900,12.35,U
sz002532,天山铝业,2025-10-21 10:51:30,12.35,26900,12.35,D
sz002532,天山铝业,2025-10-21 10:51:45,12.34,18900,12.34,U
sz002532,天山铝业,2025-10-21 10:52:27,12.36,44400,12.36,U
sz002532,天山铝业,2025-10-21 10:53:06,12.37,22100,12.36,U
sz002532,天山铝业,2025-10-21 10:53:21,12.38,52100,12.38,D
sz002532,天山铝业,2025-10-21 10:54:00,12.38,38009,12.38,U
sz002532,天山铝业,2025-10-21 10:54:18,12.39,16300,12.39,U
sz002532,天山铝业,2025-10-21 10:54:30,12.39,41000,12.4,D
sz002532,天山铝业,2025-10-21 10:55:09,12.37,49100,12.39,D
sz002532,天山铝业,2025-10-21 10:55:21,12.36,45800,12.36,U
sz002532,天山铝业,2025-10-21 10:55:24,12.34,43000,12.36,D
sz002532,天山铝业,2025-10-21 10:56:12,12.4,41000,12.39,U
sz002532,天山铝业,2025-10-21 10:56:18,12.4,18600,12.4,U
sz002532,天山铝业,2025-10-21 10:56:24,12.4,52500,12.4,U
sz002532,天山铝业,2025-10-21 10:56:36,12.4,20100,12.4,U
sz002532,天山铝业,2025-10-21 10:56:57,12.4,16200,12.4,U
sz002532,天山铝业,2025-10-21 10:57:18,12.41,33500,12.39,U
sz002532,天山铝业,2025-10-21 10:57:48,12.38,41900,12.41,D
sz002532,天山铝业,2025-10-21 10:58:00,12.42,73100,12.4,U
sz002532,天山铝业,2025-10-21 10:58:03,12.38,39300,12.42,D
sz002532,天山铝业,2025-10-21 10:58:51,12.42,22900,12.41,U
sz002532,天山铝业,2025-10-21 10:59:03,12.43,23400,12.43,U
sz002532,天山铝业,2025-10-21 10:59:12,12.44,125500,12.43,U
sz002532,天山铝业,2025-10-21 10:59:21,12.42,21400,12.44,D
sz002532,天山铝业,2025-10-21 11:00:48,12.34,25200,12.34,D
sz002532,天山铝业,2025-10-21 11:02:45,12.36,33166,12.36,U
sz002532,天山铝业,2025-10-21 11:02:48,12.37,17900,12.36,U
sz002532,天山铝业,2025-10-21 11:03:09,12.39,17900,12.37,U
sz002532,天山铝业,2025-10-21 11:03:12,12.39,21100,12.39,U
sz002532,天山铝业,2025-10-21 11:04:57,12.39,40200,12.4,D
sz002532,天山铝业,2025-10-21 11:05:27,12.41,32800,12.39,U
sz002532,天山铝业,2025-10-21 11:06:12,12.39,25600,12.4,D
sz002532,天山铝业,2025-10-21 11:10:18,12.33,67700,12.32,U
sz002532,天山铝业,2025-10-21 11:14:48,12.35,19600,12.34,U
sz002532,天山铝业,2025-10-21 11:14:51,12.33,19100,12.35,D
sz002532,天山铝业,2025-10-21 11:17:24,12.34,27700,12.35,D
sz002532,天山铝业,2025-10-21 11:21:54,12.37,57500,12.36,U
sz002532,天山铝业,2025-10-21 11:22:00,12.39,22400,12.38,U
sz002532,天山铝业,2025-10-21 11:22:09,12.4,19300,12.4,U
sz002532,天山铝业,2025-10-21 11:23:24,12.4,24000,12.4,U
sz002532,天山铝业,2025-10-21 11:26:03,12.4,17700,12.4,U
sz002532,天山铝业,2025-10-21 11:26:06,12.42,55700,12.4,U
sz002532,天山铝业,2025-10-21 11:26:48,12.41,31200,12.4,U
sz002532,天山铝业,2025-10-21 11:27:18,12.43,136200,12.39,U
sz002532,天山铝业,2025-10-21 11:27:36,12.43,20300,12.41,U
sz002532,天山铝业,2025-10-21 11:28:45,12.41,78900,12.39,U
sz002532,天山铝业,2025-10-21 13:00:00,12.39,72600,12.38,U
sz002532,天山铝业,2025-10-21 13:00:03,12.38,37700,12.39,D
sz002532,天山铝业,2025-10-21 13:00:27,12.39,18800,12.38,U
sz002532,天山铝业,2025-10-21 13:00:42,12.37,29800,12.37,E
sz002532,天山铝业,2025-10-21 13:03:45,12.34,19800,12.34,D
sz002532,天山铝业,2025-10-21 13:05:09,12.33,25500,12.34,D
sz002532,天山铝业,2025-10-21 13:05:27,12.32,23800,12.32,D
sz002532,天山铝业,2025-10-21 13:05:30,12.32,24100,12.32,D
sz002532,天山铝业,2025-10-21 13:08:00,12.32,38300,12.34,D
sz002532,天山铝业,2025-10-21 13:08:30,12.33,17200,12.34,D
sz002532,天山铝业,2025-10-21 13:09:39,12.33,26700,12.33,U
sz002532,天山铝业,2025-10-21 13:10:24,12.35,91400,12.34,U
sz002532,天山铝业,2025-10-21 13:13:00,12.33,18800,12.35,D
sz002532,天山铝业,2025-10-21 13:13:12,12.33,25500,12.33,D
sz002532,天山铝业,2025-10-21 13:15:12,12.3,60600,12.3,D
sz002532,天山铝业,2025-10-21 13:19:06,12.3,28900,12.3,U
sz002532,天山铝业,2025-10-21 13:22:51,12.34,45900,12.32,U
sz002532,天山铝业,2025-10-21 13:23:57,12.35,25000,12.34,U
sz002532,天山铝业,2025-10-21 13:24:00,12.36,19300,12.35,U
sz002532,天山铝业,2025-10-21 13:24:24,12.36,30600,12.36,U
sz002532,天山铝业,2025-10-21 13:24:27,12.38,21900,12.36,U
sz002532,天山铝业,2025-10-21 13:24:51,12.37,26400,12.33,U
sz002532,天山铝业,2025-10-21 13:24:57,12.38,19300,12.36,U
sz002532,天山铝业,2025-10-21 13:25:06,12.38,17400,12.38,U
sz002532,天山铝业,2025-10-21 13:25:48,12.35,17000,12.36,D
sz002532,天山铝业,2025-10-21 13:26:00,12.34,50300,12.34,U
sz002532,天山铝业,2025-10-21 13:26:03,12.34,18100,12.34,U
sz002532,天山铝业,2025-10-21 13:26:09,12.35,19100,12.34,U
sz002532,天山铝业,2025-10-21 13:26:21,12.35,18900,12.35,D
sz002532,天山铝业,2025-10-21 13:26:27,12.35,21300,12.35,D
sz002532,天山铝业,2025-10-21 13:27:00,12.36,52700,12.37,D
sz002532,天山铝业,2025-10-21 13:27:06,12.38,27700,12.36,U
sz002532,天山铝业,2025-10-21 13:27:12,12.38,22100,12.38,U
sz002532,天山铝业,2025-10-21 13:27:24,12.37,20600,12.39,D
sz002532,天山铝业,2025-10-21 13:27:42,12.38,76200,12.39,E
sz002532,天山铝业,2025-10-21 13:27:51,12.39,35600,12.38,U
sz002532,天山铝业,2025-10-21 13:28:03,12.39,42300,12.38,U
sz002532,天山铝业,2025-10-21 13:29:33,12.37,17400,12.38,D
sz002532,天山铝业,2025-10-21 13:30:00,12.36,80200,12.39,D
sz002532,天山铝业,2025-10-21 13:30:09,12.37,35100,12.37,U
sz002532,天山铝业,2025-10-21 13:30:57,12.36,44100,12.36,D
sz002532,天山铝业,2025-10-21 13:35:36,12.33,42900,12.33,D
sz002532,天山铝业,2025-10-21 13:36:57,12.33,72400,12.32,U
sz002532,天山铝业,2025-10-21 13:37:18,12.31,48400,12.32,D
sz002532,天山铝业,2025-10-21 13:37:45,12.3,50800,12.31,D
sz002532,天山铝业,2025-10-21 13:37:54,12.29,72700,12.31,D
sz002532,天山铝业,2025-10-21 13:37:57,12.3,22700,12.29,U
sz002532,天山铝业,2025-10-21 13:38:09,12.29,44200,12.3,D
sz002532,天山铝业,2025-10-21 13:40:00,12.29,32600,12.3,D
sz002532,天山铝业,2025-10-21 13:40:03,12.29,28800,12.29,D
sz002532,天山铝业,2025-10-21 13:42:30,12.29,19320,12.3,D
sz002532,天山铝业,2025-10-21 13:42:33,12.29,26100,12.29,D
sz002532,天山铝业,2025-10-21 13:45:48,12.3,18800,12.3,U
sz002532,天山铝业,2025-10-21 13:47:12,12.31,33700,12.3,U
sz002532,天山铝业,2025-10-21 13:47:54,12.31,16800,12.3,U
sz002532,天山铝业,2025-10-21 13:49:00,12.3,36600,12.3,D
sz002532,天山铝业,2025-10-21 13:49:48,12.29,48880,12.29,D
sz002532,天山铝业,2025-10-21 13:50:06,12.28,23200,12.29,D
sz002532,天山铝业,2025-10-21 13:50:21,12.28,310100,12.29,D
sz002532,天山铝业,2025-10-21 13:50:42,12.27,21300,12.27,D
sz002532,天山铝业,2025-10-21 13:56:54,12.27,35000,12.27,U
sz002532,天山铝业,2025-10-21 13:57:00,12.28,42000,12.28,U
sz002532,天山铝业,2025-10-21 13:57:03,12.29,19800,12.28,U
sz002532,天山铝业,2025-10-21 13:58:45,12.28,31400,12.29,D
sz002532,天山铝业,2025-10-21 14:02:27,12.31,28800,12.3,U
sz002532,天山铝业,2025-10-21 14:04:39,12.3,24700,12.29,U
sz002532,天山铝业,2025-10-21 14:05:48,12.3,17300,12.29,U
sz002532,天山铝业,2025-10-21 14:07:06,12.31,73200,12.3,U
sz002532,天山铝业,2025-10-21 14:08:57,12.29,17100,12.29,U
sz002532,天山铝业,2025-10-21 14:15:33,12.32,60700,12.31,U
sz002532,天山铝业,2025-10-21 14:15:48,12.32,17900,12.33,D
sz002532,天山铝业,2025-10-21 14:18:06,12.34,30000,12.32,U
sz002532,天山铝业,2025-10-21 14:20:30,12.31,24700,12.33,D
sz002532,天山铝业,2025-10-21 14:20:33,12.32,24500,12.31,U
sz002532,天山铝业,2025-10-21 14:22:54,12.34,19300,12.33,U
sz002532,天山铝业,2025-10-21 14:23:27,12.35,104000,12.34,U
sz002532,天山铝业,2025-10-21 14:23:54,12.35,26600,12.34,U
sz002532,天山铝业,2025-10-21 14:24:00,12.35,18600,12.35,U
sz002532,天山铝业,2025-10-21 14:24:15,12.36,51000,12.35,U
sz002532,天山铝业,2025-10-21 14:27:06,12.32,32700,12.33,D
sz002532,天山铝业,2025-10-21 14:27:36,12.33,20500,12.33,U
sz002532,天山铝业,2025-10-21 14:29:15,12.33,45000,12.33,U
sz002532,天山铝业,2025-10-21 14:30:33,12.35,36900,12.35,U
sz002532,天山铝业,2025-10-21 14:34:54,12.34,20100,12.34,D
sz002532,天山铝业,2025-10-21 14:36:54,12.35,45400,12.35,U
sz002532,天山铝业,2025-10-21 14:37:00,12.35,24600,12.35,U
sz002532,天山铝业,2025-10-21 14:37:33,12.36,26800,12.36,U
sz002532,天山铝业,2025-10-21 14:37:54,12.36,22000,12.36,D
sz002532,天山铝业,2025-10-21 14:38:27,12.36,34800,12.36,D
sz002532,天山铝业,2025-10-21 14:38:51,12.36,26100,12.36,D
sz002532,天山铝业,2025-10-21 14:39:03,12.34,61600,12.35,D
sz002532,天山铝业,2025-10-21 14:40:03,12.36,21200,12.37,E
sz002532,天山铝业,2025-10-21 14:40:09,12.38,16900,12.37,U
sz002532,天山铝业,2025-10-21 14:40:33,12.38,37300,12.36,U
sz002532,天山铝业,2025-10-21 14:41:33,12.36,22400,12.37,D
sz002532,天山铝业,2025-10-21 14:42:18,12.35,27300,12.35,D
sz002532,天山铝业,2025-10-21 14:42:54,12.34,57100,12.34,D
sz002532,天山铝业,2025-10-21 14:43:48,12.35,18646,12.35,D
sz002532,天山铝业,2025-10-21 14:44:15,12.35,20600,12.36,D
sz002532,天山铝业,2025-10-21 14:44:51,12.36,20700,12.35,U
sz002532,天山铝业,2025-10-21 14:45:03,12.35,23700,12.35,U
sz002532,天山铝业,2025-10-21 14:46:09,12.35,43800,12.35,D
sz002532,天山铝业,2025-10-21 14:48:06,12.34,24600,12.34,D
sz002532,天山铝业,2025-10-21 14:49:03,12.35,17600,12.34,U
sz002532,天山铝业,2025-10-21 14:49:09,12.34,65900,12.35,D
sz002532,天山铝业,2025-10-21 14:49:27,12.35,31300,12.34,U
sz002532,天山铝业,2025-10-21 14:49:57,12.34,77246,12.35,D
sz002532,天山铝业,2025-10-21 14:50:00,12.33,48700,12.34,D
sz002532,天山铝业,2025-10-21 14:50:03,12.32,92400,12.33,D
sz002532,天山铝业,2025-10-21 14:50:06,12.32,34100,12.32,D
sz002532,天山铝业,2025-10-21 14:50:09,12.32,30400,12.32,D
sz002532,天山铝业,2025-10-21 14:52:24,12.33,21500,12.33,D
sz002532,天山铝业,2025-10-21 14:52:27,12.33,24600,12.33,D
sz002532,天山铝业,2025-10-21 14:53:12,12.33,26000,12.34,D
sz002532,天山铝业,2025-10-21 14:53:21,12.34,29500,12.33,U
sz002532,天山铝业,2025-10-21 14:53:54,12.34,24900,12.34,U
sz002532,天山铝业,2025-10-21 14:54:06,12.34,17000,12.33,U
sz002532,天山铝业,2025-10-21 14:54:09,12.33,17900,12.34,D
sz002532,天山铝业,2025-10-21 14:54:36,12.34,20100,12.34,E
sz002532,天山铝业,2025-10-21 14:54:39,12.34,26100,12.34,E
sz002532,天山铝业,2025-10-21 14:54:54,12.34,37800,12.34,U
sz002532,天山铝业,2025-10-21 14:54:57,12.33,45100,12.34,D
sz002532,天山铝业,2025-10-21 14:55:12,12.33,18000,12.33,D
sz002532,天山铝业,2025-10-21 14:55:27,12.33,86000,12.33,E
sz002532,天山铝业,2025-10-21 14:55:30,12.34,81900,12.33,U
sz002532,天山铝业,2025-10-21 14:56:27,12.32,43500,12.33,D
sz002532,天山铝业,2025-10-21 14:56:39,12.33,27100,12.32,U
sz002532,天山铝业,2025-10-21 14:56:45,12.33,24400,12.32,U
sz002532,天山铝业,2025-10-21 14:56:54,12.34,19000,12.33,U
sz002532,天山铝业,2025-10-21 15:00:00,12.34,462800,12.34,U
