symbol,name,ticktime,price,volume,prev_price,kind
sz002532,天山铝业,2025-10-23 09:25:00,12.32,125600,0.0,D
sz002532,天山铝业,2025-10-23 09:30:00,12.33,34700,12.32,U
sz002532,天山铝业,2025-10-23 09:30:03,12.35,59100,12.33,U
sz002532,天山铝业,2025-10-23 09:30:06,12.38,47000,12.35,U
sz002532,天山铝业,2025-10-23 09:30:09,12.38,22400,12.38,D
sz002532,天山铝业,2025-10-23 09:30:12,12.41,21700,12.38,U
sz002532,天山铝业,2025-10-23 09:30:15,12.42,18900,12.41,U
sz002532,天山铝业,2025-10-23 09:30:21,12.43,21900,12.43,D
sz002532,天山铝业,2025-10-23 09:30:24,12.43,25900,12.43,U
sz002532,天山铝业,2025-10-23 09:30:30,12.42,97400,12.43,D
sz002532,天山铝业,2025-10-23 09:30:33,12.42,39600,12.42,U
sz002532,天山铝业,2025-10-23 09:30:36,12.46,121800,12.42,U
sz002532,天山铝业,2025-10-23 09:30:39,12.51,146400,12.46,U
sz002532,天山铝业,2025-10-23 09:30:45,12.52,32400,12.51,U
sz002532,天山铝业,2025-10-23 09:30:48,12.53,36000,12.52,E
sz002532,天山铝业,2025-10-23 09:30:51,12.55,83800,12.53,U
sz002532,天山铝业,2025-10-23 09:30:54,12.53,70100,12.55,U
sz002532,天山铝业,2025-10-23 09:30:57,12.55,36700,12.53,E
sz002532,天山铝业,2025-10-23 09:31:00,12.52,54700,12.55,D
sz002532,天山铝业,2025-10-23 09:31:03,12.49,152000,12.52,D
sz002532,天山铝业,2025-10-23 09:31:06,12.47,18200,12.49,D
sz002532,天山铝业,2025-10-23 09:31:09,12.46,20600,12.47,D
sz002532,天山铝业,2025-10-23 09:31:12,12.47,33200,12.46,U
sz002532,天山铝业,2025-10-23 09:31:15,12.52,92600,12.47,U
sz002532,天山铝业,2025-10-23 09:31:18,12.56,155300,12.52,U
sz002532,天山铝业,2025-10-23 09:31:21,12.6,239200,12.56,U
sz002532,天山铝业,2025-10-23 09:31:24,12.6,123200,12.6,D
sz002532,天山铝业,2025-10-23 09:31:27,12.64,271900,12.6,U
sz002532,天山铝业,2025-10-23 09:31:30,12.68,122133,12.64,U
sz002532,天山铝业,2025-10-23 09:31:33,12.66,169000,12.68,E
sz002532,天山铝业,2025-10-23 09:31:36,12.71,81600,12.66,U
sz002532,天山铝业,2025-10-23 09:31:39,12.67,30800,12.71,D
sz002532,天山铝业,2025-10-23 09:31:42,12.69,62700,12.67,U
sz002532,天山铝业,2025-10-23 09:31:45,12.69,49600,12.69,U
sz002532,天山铝业,2025-10-23 09:31:48,12.67,94300,12.69,U
sz002532,天山铝业,2025-10-23 09:31:51,12.67,29900,12.67,D
sz002532,天山铝业,2025-10-23 09:31:54,12.67,101100,12.67,D
sz002532,天山铝业,2025-10-23 09:31:57,12.7,110700,12.67,U
sz002532,天山铝业,2025-10-23 09:32:00,12.72,333200,12.7,U
sz002532,天山铝业,2025-10-23 09:32:03,12.72,209700,12.72,U
sz002532,天山铝业,2025-10-23 09:32:06,12.72,50900,12.72,U
sz002532,天山铝业,2025-10-23 09:32:09,12.72,35800,12.72,D
sz002532,天山铝业,2025-10-23 09:32:12,12.73,33600,12.72,U
sz002532,天山铝业,2025-10-23 09:32:15,12.73,97000,12.73,U
sz002532,天山铝业,2025-10-23 09:32:18,12.75,39900,12.73,U
sz002532,天山铝业,2025-10-23 09:32:21,12.73,110200,12.75,D
sz002532,天山铝业,2025-10-23 09:32:24,12.71,150400,12.73,D
sz002532,天山铝业,2025-10-23 09:32:27,12.73,89900,12.71,U
sz002532,天山铝业,2025-10-23 09:32:30,12.7,104500,12.73,D
sz002532,天山铝业,2025-10-23 09:32:33,12.71,82800,12.7,E
sz002532,天山铝业,2025-10-23 09:32:36,12.7,57600,12.71,D
sz002532,天山铝业,2025-10-23 09:32:39,12.7,206049,12.7,D
sz002532,天山铝业,2025-10-23 09:32:42,12.71,49800,12.7,U
sz002532,天山铝业,2025-10-23 09:32:45,12.72,206000,12.71,U
sz002532,天山铝业,2025-10-23 09:32:48,12.7,242700,12.72,D
sz002532,天山铝业,2025-10-23 09:32:51,12.74,40400,12.7,U
sz002532,天山铝业,2025-10-23 09:32:54,12.73,118900,12.74,D
sz002532,天山铝业,2025-10-23 09:32:57,12.72,29200,12.73,D
sz002532,天山铝业,2025-10-23 09:33:00,12.72,39800,12.72,U
sz002532,天山铝业,2025-10-23 09:33:03,12.7,96500,12.72,E
sz002532,天山铝业,2025-10-23 09:33:09,12.69,65600,12.67,U
sz002532,天山铝业,2025-10-23 09:33:12,12.69,49500,12.69,U
sz002532,天山铝业,2025-10-23 09:33:15,12.7,385000,12.69,U
sz002532,天山铝业,2025-10-23 09:33:18,12.67,46100,12.7,D
sz002532,天山铝业,2025-10-23 09:33:21,12.68,61500,12.67,E
sz002532,天山铝业,2025-10-23 09:33:24,12.6,33700,12.68,D
sz002532,天山铝业,2025-10-23 09:33:27,12.61,184800,12.6,D
sz002532,天山铝业,2025-10-23 09:33:30,12.66,48000,12.61,U
sz002532,天山铝业,2025-10-23 09:33:33,12.66,67700,12.66,D
sz002532,天山铝业,2025-10-23 09:33:36,12.7,111600,12.66,U
sz002532,天山铝业,2025-10-23 09:33:39,12.68,151900,12.7,U
sz002532,天山铝业,2025-10-23 09:33:42,12.7,91200,12.68,U
sz002532,天山铝业,2025-10-23 09:33:45,12.7,31400,12.7,D
sz002532,天山铝业,2025-10-23 09:33:48,12.72,282300,12.7,U
sz002532,天山铝业,2025-10-23 09:33:51,12.7,79400,12.72,E
sz002532,天山铝业,2025-10-23 09:33:54,12.7,51200,12.7,U
sz002532,天山铝业,2025-10-23 09:33:57,12.68,280700,12.7,U
sz002532,天山铝业,2025-10-23 09:34:00,12.68,78200,12.68,E
sz002532,天山铝业,2025-10-23 09:34:03,12.68,181200,12.68,U
sz002532,天山铝业,2025-10-23 09:34:06,12.67,34000,12.68,D
sz002532,天山铝业,2025-10-23 09:34:09,12.67,151233,12.67,D
sz002532,天山铝业,2025-10-23 09:34:12,12.7,46400,12.67,U
sz002532,天山铝业,2025-10-23 09:34:15,12.7,33800,12.7,D
sz002532,天山铝业,2025-10-23 09:34:18,12.7,88700,12.7,D
sz002532,天山铝业,2025-10-23 09:34:21,12.7,29700,12.7,D
sz002532,天山铝业,2025-10-23 09:34:24,12.71,224500,12.7,U
sz002532,天山铝业,2025-10-23 09:34:27,12.72,26700,12.71,U
sz002532,天山铝业,2025-10-23 09:34:30,12.71,60100,12.72,D
sz002532,天山铝业,2025-10-23 09:34:33,12.72,90100,12.71,U
sz002532,天山铝业,2025-10-23 09:34:36,12.72,31900,12.72,D
sz002532,天山铝业,2025-10-23 09:34:39,12.72,47300,12.72,U
sz002532,天山铝业,2025-10-23 09:34:42,12.72,33100,12.72,U
sz002532,天山铝业,2025-10-23 09:34:45,12.71,82700,12.72,U
sz002532,天山铝业,2025-10-23 09:34:48,12.7,42900,12.71,D
sz002532,天山铝业,2025-10-23 09:34:51,12.67,16800,12.7,D
sz002532,天山铝业,2025-10-23 09:34:54,12.69,34800,12.67,U
sz002532,天山铝业,2025-10-23 09:35:00,12.67,16600,12.66,E
sz002532,天山铝业,2025-10-23 09:35:03,12.66,84800,12.67,D
sz002532,天山铝业,2025-10-23 09:35:06,12.67,41600,12.66,U
sz002532,天山铝业,2025-10-23 09:35:12,12.66,47500,12.69,D
sz002532,天山铝业,2025-10-23 09:35:15,12.66,148233,12.66,D
sz002532,天山铝业,2025-10-23 09:35:18,12.66,29700,12.66,D
sz002532,天山铝业,2025-10-23 09:35:24,12.67,16700,12.67,U
sz002532,天山铝业,2025-10-23 09:35:39,12.68,69300,12.67,U
sz002532,天山铝业,2025-10-23 09:35:42,12.68,51400,12.68,D
sz002532,天山铝业,2025-10-23 09:35:45,12.69,18400,12.68,U
sz002532,天山铝业,2025-10-23 09:35:48,12.72,384000,12.69,U
sz002532,天山铝业,2025-10-23 09:35:51,12.72,53700,12.72,U
sz002532,天山铝业,2025-10-23 09:35:54,12.73,137400,12.72,U
sz002532,天山铝业,2025-10-23 09:35:57,12.73,187700,12.73,D
sz002532,天山铝业,2025-10-23 09:36:00,12.72,84600,12.73,D
sz002532,天山铝业,2025-10-23 09:36:03,12.7,93300,12.72,D
sz002532,天山铝业,2025-10-23 09:36:06,12.68,20500,12.7,D
sz002532,天山铝业,2025-10-23 09:36:09,12.72,63800,12.68,U
sz002532,天山铝业,2025-10-23 09:36:12,12.72,27500,12.72,U
sz002532,天山铝业,2025-10-23 09:36:15,12.71,264800,12.72,D
sz002532,天山铝业,2025-10-23 09:36:18,12.75,146533,12.71,U
sz002532,天山铝业,2025-10-23 09:36:21,12.75,83100,12.75,U
sz002532,天山铝业,2025-10-23 09:36:27,12.74,34000,12.73,U
sz002532,天山铝业,2025-10-23 09:36:30,12.71,84600,12.74,D
sz002532,天山铝业,2025-10-23 09:36:33,12.73,36700,12.71,U
sz002532,天山铝业,2025-10-23 09:36:36,12.73,73100,12.73,U
sz002532,天山铝业,2025-10-23 09:36:39,12.72,25400,12.73,U
sz002532,天山铝业,2025-10-23 09:36:42,12.73,56500,12.72,U
sz002532,天山铝业,2025-10-23 09:36:45,12.73,30300,12.73,U
sz002532,天山铝业,2025-10-23 09:36:51,12.73,15800,12.73,D
sz002532,天山铝业,2025-10-23 09:36:54,12.73,167100,12.73,D
sz002532,天山铝业,2025-10-23 09:36:57,12.74,32600,12.73,U
sz002532,天山铝业,2025-10-23 09:37:00,12.71,80300,12.74,D
sz002532,天山铝业,2025-10-23 09:37:03,12.73,71700,12.71,U
sz002532,天山铝业,2025-10-23 09:37:06,12.74,38300,12.73,U
sz002532,天山铝业,2025-10-23 09:37:09,12.85,1289280,12.74,U
sz002532,天山铝业,2025-10-23 09:37:12,12.87,250600,12.85,U
sz002532,天山铝业,2025-10-23 09:37:15,12.86,97200,12.87,D
sz002532,天山铝业,2025-10-23 09:37:18,12.86,159700,12.86,D
sz002532,天山铝业,2025-10-23 09:37:21,12.84,137600,12.86,D
sz002532,天山铝业,2025-10-23 09:37:24,12.87,52600,12.84,U
sz002532,天山铝业,2025-10-23 09:37:27,12.88,22300,12.87,U
sz002532,天山铝业,2025-10-23 09:37:30,12.87,72000,12.88,D
sz002532,天山铝业,2025-10-23 09:37:33,12.88,113600,12.87,U
sz002532,天山铝业,2025-10-23 09:37:36,12.89,38800,12.88,U
sz002532,天山铝业,2025-10-23 09:37:39,12.9,81100,12.89,U
sz002532,天山铝业,2025-10-23 09:37:42,12.89,120800,12.9,D
sz002532,天山铝业,2025-10-23 09:37:45,12.9,94800,12.89,U
sz002532,天山铝业,2025-10-23 09:37:48,12.89,136700,12.9,D
sz002532,天山铝业,2025-10-23 09:37:51,12.89,107200,12.89,U
sz002532,天山铝业,2025-10-23 09:37:54,12.9,22500,12.89,U
sz002532,天山铝业,2025-10-23 09:37:57,12.9,171000,12.9,U
sz002532,天山铝业,2025-10-23 09:38:00,12.87,51100,12.9,D
sz002532,天山铝业,2025-10-23 09:38:03,12.89,106800,12.87,U
sz002532,天山铝业,2025-10-23 09:38:06,12.87,66300,12.89,D
sz002532,天山铝业,2025-10-23 09:38:09,12.86,28100,12.87,D
sz002532,天山铝业,2025-10-23 09:38:12,12.86,38100,12.86,D
sz002532,天山铝业,2025-10-23 09:38:15,12.86,38500,12.86,U
sz002532,天山铝业,2025-10-23 09:38:18,12.86,28100,12.86,U
sz002532,天山铝业,2025-10-23 09:38:21,12.87,17700,12.86,U
sz002532,天山铝业,2025-10-23 09:38:24,12.87,17400,12.87,U
sz002532,天山铝业,2025-10-23 09:38:27,12.86,112300,12.87,D
sz002532,天山铝业,2025-10-23 09:38:30,12.86,54600,12.86,D
sz002532,天山铝业,2025-10-23 09:38:33,12.86,46600,12.86,U
sz002532,天山铝业,2025-10-23 09:38:36,12.85,33400,12.86,D
sz002532,天山铝业,2025-10-23 09:38:39,12.85,25200,12.85,U
sz002532,天山铝业,2025-10-23 09:38:42,12.84,188100,12.85,D
sz002532,天山铝业,2025-10-23 09:38:45,12.83,142700,12.84,D
sz002532,天山铝业,2025-10-23 09:38:48,12.83,81400,12.83,D
sz002532,天山铝业,2025-10-23 09:38:51,12.83,33600,12.83,U
sz002532,天山铝业,2025-10-23 09:38:54,12.82,43400,12.83,D
sz002532,天山铝业,2025-10-23 09:38:57,12.84,33600,12.82,U
sz002532,天山铝业,2025-10-23 09:39:00,12.82,25500,12.84,D
sz002532,天山铝业,2025-10-23 09:39:03,12.81,49000,12.82,D
sz002532,天山铝业,2025-10-23 09:39:06,12.8,33600,12.81,D
sz002532,天山铝业,2025-10-23 09:39:12,12.82,23100,12.82,U
sz002532,天山铝业,2025-10-23 09:39:15,12.82,16600,12.82,U
sz002532,天山铝业,2025-10-23 09:39:21,12.81,37800,12.82,D
sz002532,天山铝业,2025-10-23 09:39:27,12.8,104800,12.82,D
sz002532,天山铝业,2025-10-23 09:39:30,12.8,23000,12.8,D
sz002532,天山铝业,2025-10-23 09:39:33,12.81,123800,12.8,U
sz002532,天山铝业,2025-10-23 09:39:39,12.82,42400,12.81,U
sz002532,天山铝业,2025-10-23 09:39:42,12.8,103400,12.82,D
sz002532,天山铝业,2025-10-23 09:39:45,12.8,50800,12.8,U
sz002532,天山铝业,2025-10-23 09:39:48,12.78,47800,12.8,D
sz002532,天山铝业,2025-10-23 09:39:54,12.79,43100,12.77,U
sz002532,天山铝业,2025-10-23 09:40:00,12.74,117200,12.76,D
sz002532,天山铝业,2025-10-23 09:40:03,12.73,41300,12.74,D
sz002532,天山铝业,2025-10-23 09:40:06,12.71,51800,12.73,D
sz002532,天山铝业,2025-10-23 09:40:09,12.7,73100,12.71,D
sz002532,天山铝业,2025-10-23 09:40:15,12.68,47600,12.67,E
sz002532,天山铝业,2025-10-23 09:40:18,12.67,28300,12.68,D
sz002532,天山铝业,2025-10-23 09:40:24,12.7,119200,12.69,U
sz002532,天山铝业,2025-10-23 09:40:30,12.68,18500,12.7,D
sz002532,天山铝业,2025-10-23 09:40:33,12.7,24300,12.68,U
sz002532,天山铝业,2025-10-23 09:40:39,12.68,17500,12.68,D
sz002532,天山铝业,2025-10-23 09:40:42,12.66,147100,12.68,D
sz002532,天山铝业,2025-10-23 09:40:57,12.68,29500,12.67,U
sz002532,天山铝业,2025-10-23 09:41:06,12.67,18100,12.66,U
sz002532,天山铝业,2025-10-23 09:41:12,12.68,23300,12.67,U
sz002532,天山铝业,2025-10-23 09:41:18,12.69,64100,12.69,E
sz002532,天山铝业,2025-10-23 09:41:21,12.7,27100,12.69,U
sz002532,天山铝业,2025-10-23 09:41:36,12.73,51600,12.71,U
sz002532,天山铝业,2025-10-23 09:41:48,12.75,48700,12.73,U
sz002532,天山铝业,2025-10-23 09:41:51,12.74,95700,12.75,D
sz002532,天山铝业,2025-10-23 09:41:54,12.75,68100,12.74,U
sz002532,天山铝业,2025-10-23 09:41:57,12.75,56400,12.75,U
sz002532,天山铝业,2025-10-23 09:42:00,12.72,100700,12.75,D
sz002532,天山铝业,2025-10-23 09:42:03,12.69,94500,12.72,D
sz002532,天山铝业,2025-10-23 09:42:21,12.73,27000,12.71,U
sz002532,天山铝业,2025-10-23 09:42:30,12.74,30400,12.74,D
sz002532,天山铝业,2025-10-23 09:42:33,12.74,30300,12.74,U
sz002532,天山铝业,2025-10-23 09:42:36,12.74,40700,12.74,D
sz002532,天山铝业,2025-10-23 09:42:39,12.74,38800,12.74,D
sz002532,天山铝业,2025-10-23 09:42:42,12.76,36500,12.74,E
sz002532,天山铝业,2025-10-23 09:42:45,12.77,39500,12.76,U
sz002532,天山铝业,2025-10-23 09:42:54,12.79,15900,12.79,U
sz002532,天山铝业,2025-10-23 09:43:00,12.8,85900,12.79,U
sz002532,天山铝业,2025-10-23 09:43:03,12.8,17500,12.8,U
sz002532,天山铝业,2025-10-23 09:43:09,12.8,25100,12.8,U
sz002532,天山铝业,2025-10-23 09:43:12,12.81,36000,12.8,U
sz002532,天山铝业,2025-10-23 09:43:18,12.83,44800,12.82,U
sz002532,天山铝业,2025-10-23 09:43:24,12.81,67400,12.83,D
sz002532,天山铝业,2025-10-23 09:43:27,12.81,21600,12.81,D
sz002532,天山铝业,2025-10-23 09:43:30,12.83,35900,12.81,U
sz002532,天山铝业,2025-10-23 09:43:36,12.79,143500,12.82,D
sz002532,天山铝业,2025-10-23 09:43:39,12.78,59200,12.79,D
sz002532,天山铝业,2025-10-23 09:43:51,12.78,20100,12.77,D
sz002532,天山铝业,2025-10-23 09:44:00,12.82,109520,12.78,U
sz002532,天山铝业,2025-10-23 09:44:03,12.8,63600,12.82,D
sz002532,天山铝业,2025-10-23 09:44:06,12.79,18500,12.8,D
sz002532,天山铝业,2025-10-23 09:44:09,12.79,15900,12.79,U
sz002532,天山铝业,2025-10-23 09:44:21,12.8,18600,12.8,U
sz002532,天山铝业,2025-10-23 09:44:24,12.8,32700,12.8,D
sz002532,天山铝业,2025-10-23 09:44:27,12.82,537700,12.8,U
sz002532,天山铝业,2025-10-23 09:44:30,12.82,18100,12.82,D
sz002532,天山铝业,2025-10-23 09:44:36,12.85,37800,12.85,U
sz002532,天山铝业,2025-10-23 09:44:39,12.83,19600,12.85,D
sz002532,天山铝业,2025-10-23 09:44:42,12.83,18100,12.83,D
sz002532,天山铝业,2025-10-23 09:44:45,12.83,131300,12.83,U
sz002532,天山铝业,2025-10-23 09:44:54,12.84,383300,12.85,D
sz002532,天山铝业,2025-10-23 09:44:57,12.84,31500,12.84,U
sz002532,天山铝业,2025-10-23 09:45:03,12.83,198800,12.83,D
sz002532,天山铝业,2025-10-23 09:45:06,12.83,18200,12.83,U
sz002532,天山铝业,2025-10-23 09:45:09,12.81,118700,12.83,D
sz002532,天山铝业,2025-10-23 09:45:15,12.79,84300,12.81,D
sz002532,天山铝业,2025-10-23 09:45:18,12.79,24600,12.79,U
sz002532,天山铝业,2025-10-23 09:45:21,12.78,25200,12.79,D
sz002532,天山铝业,2025-10-23 09:45:27,12.79,51600,12.78,U
sz002532,天山铝业,2025-10-23 09:45:33,12.82,90200,12.79,U
sz002532,天山铝业,2025-10-23 09:45:36,12.8,28000,12.82,U
sz002532,天山铝业,2025-10-23 09:45:45,12.8,72900,12.8,E
sz002532,天山铝业,2025-10-23 09:45:51,12.79,29700,12.77,U
sz002532,天山铝业,2025-10-23 09:46:00,12.79,59500,12.79,D
sz002532,天山铝业,2025-10-23 09:46:03,12.77,81200,12.79,D
sz002532,天山铝业,2025-10-23 09:46:09,12.76,45700,12.76,U
sz002532,天山铝业,2025-10-23 09:46:12,12.74,36900,12.76,D
sz002532,天山铝业,2025-10-23 09:46:15,12.73,35100,12.74,D
sz002532,天山铝业,2025-10-23 09:46:21,12.72,20300,12.72,D
sz002532,天山铝业,2025-10-23 09:46:39,12.73,55100,12.73,D
sz002532,天山铝业,2025-10-23 09:46:54,12.73,239600,12.73,D
sz002532,天山铝业,2025-10-23 09:47:00,12.74,130200,12.73,U
sz002532,天山铝业,2025-10-23 09:47:03,12.74,48400,12.74,D
sz002532,天山铝业,2025-10-23 09:47:06,12.75,16900,12.74,E
sz002532,天山铝业,2025-10-23 09:47:12,12.73,17900,12.73,E
sz002532,天山铝业,2025-10-23 09:47:21,12.71,53400,12.72,D
sz002532,天山铝业,2025-10-23 09:47:24,12.69,106700,12.71,D
sz002532,天山铝业,2025-10-23 09:48:09,12.7,42100,12.71,D
sz002532,天山铝业,2025-10-23 09:48:12,12.71,47500,12.7,U
sz002532,天山铝业,2025-10-23 09:48:18,12.7,19800,12.71,D
sz002532,天山铝业,2025-10-23 09:48:27,12.7,32600,12.7,U
sz002532,天山铝业,2025-10-23 09:48:39,12.68,30700,12.68,D
sz002532,天山铝业,2025-10-23 09:48:51,12.68,33300,12.69,D
sz002532,天山铝业,2025-10-23 09:48:54,12.7,19800,12.68,U
sz002532,天山铝业,2025-10-23 09:49:33,12.68,34200,12.7,D
sz002532,天山铝业,2025-10-23 09:49:36,12.68,28700,12.68,D
sz002532,天山铝业,2025-10-23 09:49:39,12.69,31000,12.68,U
sz002532,天山铝业,2025-10-23 09:49:54,12.67,17300,12.67,D
sz002532,天山铝业,2025-10-23 09:50:15,12.72,64700,12.69,U
sz002532,天山铝业,2025-10-23 09:50:18,12.72,73900,12.72,U
sz002532,天山铝业,2025-10-23 09:50:24,12.72,28900,12.73,D
sz002532,天山铝业,2025-10-23 09:50:27,12.75,26300,12.72,U
sz002532,天山铝业,2025-10-23 09:50:33,12.73,31900,12.72,U
sz002532,天山铝业,2025-10-23 09:50:36,12.72,73900,12.73,E
sz002532,天山铝业,2025-10-23 09:50:39,12.72,65700,12.72,U
sz002532,天山铝业,2025-10-23 09:50:42,12.72,65900,12.72,U
sz002532,天山铝业,2025-10-23 09:50:45,12.72,67600,12.72,U
sz002532,天山铝业,2025-10-23 09:51:18,12.72,18000,12.7,U
sz002532,天山铝业,2025-10-23 09:51:21,12.69,84800,12.72,D
sz002532,天山铝业,2025-10-23 09:51:27,12.69,46600,12.73,D
sz002532,天山铝业,2025-10-23 09:52:21,12.74,22900,12.75,D
sz002532,天山铝业,2025-10-23 09:52:24,12.75,23300,12.74,U
sz002532,天山铝业,2025-10-23 09:52:39,12.75,62300,12.73,U
sz002532,天山铝业,2025-10-23 09:53:24,12.76,19900,12.75,U
sz002532,天山铝业,2025-10-23 09:53:30,12.77,18300,12.76,U
sz002532,天山铝业,2025-10-23 09:53:42,12.8,109600,12.77,U
sz002532,天山铝业,2025-10-23 09:53:45,12.77,18800,12.8,D
sz002532,天山铝业,2025-10-23 09:53:48,12.78,24300,12.77,E
sz002532,天山铝业,2025-10-23 09:53:57,12.79,28800,12.79,D
sz002532,天山铝业,2025-10-23 09:54:12,12.79,23700,12.79,D
sz002532,天山铝业,2025-10-23 09:54:15,12.82,350400,12.79,U
sz002532,天山铝业,2025-10-23 09:54:18,12.84,33500,12.82,U
sz002532,天山铝业,2025-10-23 09:54:21,12.83,64400,12.84,D
sz002532,天山铝业,2025-10-23 09:54:27,12.83,56200,12.84,D
sz002532,天山铝业,2025-10-23 09:54:30,12.85,23900,12.83,U
sz002532,天山铝业,2025-10-23 09:54:33,12.81,31700,12.85,D
sz002532,天山铝业,2025-10-23 09:54:36,12.82,26200,12.81,E
sz002532,天山铝业,2025-10-23 09:54:39,12.8,27200,12.82,D
sz002532,天山铝业,2025-10-23 09:54:48,12.8,209300,12.81,D
sz002532,天山铝业,2025-10-23 09:54:51,12.79,68200,12.8,D
sz002532,天山铝业,2025-10-23 09:54:54,12.78,20200,12.79,D
sz002532,天山铝业,2025-10-23 09:54:57,12.75,33400,12.78,D
sz002532,天山铝业,2025-10-23 09:55:00,12.77,27600,12.75,U
sz002532,天山铝业,2025-10-23 09:55:12,12.76,25000,12.76,E
sz002532,天山铝业,2025-10-23 09:55:15,12.77,17900,12.76,U
sz002532,天山铝业,2025-10-23 09:55:36,12.77,27800,12.78,E
sz002532,天山铝业,2025-10-23 09:55:39,12.78,19400,12.77,U
sz002532,天山铝业,2025-10-23 09:56:03,12.78,48300,12.78,D
sz002532,天山铝业,2025-10-23 09:56:06,12.78,44500,12.78,U
sz002532,天山铝业,2025-10-23 09:56:21,12.8,68200,12.78,U
sz002532,天山铝业,2025-10-23 09:56:24,12.79,37800,12.8,D
sz002532,天山铝业,2025-10-23 09:56:45,12.8,16300,12.79,U
sz002532,天山铝业,2025-10-23 09:57:00,12.8,16800,12.79,U
sz002532,天山铝业,2025-10-23 09:57:03,12.8,58520,12.8,U
sz002532,天山铝业,2025-10-23 09:57:09,12.81,42800,12.8,U
sz002532,天山铝业,2025-10-23 09:57:21,12.79,70400,12.8,D
sz002532,天山铝业,2025-10-23 09:57:36,12.78,18600,12.79,D
sz002532,天山铝业,2025-10-23 09:57:39,12.78,70600,12.78,U
sz002532,天山铝业,2025-10-23 09:57:51,12.75,40000,12.78,D
sz002532,天山铝业,2025-10-23 09:57:54,12.76,36300,12.75,E
sz002532,天山铝业,2025-10-23 09:57:57,12.76,77100,12.76,U
sz002532,天山铝业,2025-10-23 09:58:03,12.74,16000,12.75,D
sz002532,天山铝业,2025-10-23 09:58:15,12.74,69500,12.74,U
sz002532,天山铝业,2025-10-23 09:58:27,12.75,34900,12.75,U
sz002532,天山铝业,2025-10-23 09:58:51,12.79,63300,12.78,U
sz002532,天山铝业,2025-10-23 09:59:06,12.78,155600,12.79,D
sz002532,天山铝业,2025-10-23 09:59:09,12.8,71800,12.78,U
sz002532,天山铝业,2025-10-23 09:59:15,12.8,70000,12.8,U
sz002532,天山铝业,2025-10-23 09:59:24,12.78,27700,12.8,D
sz002532,天山铝业,2025-10-23 09:59:27,12.79,70300,12.78,E
sz002532,天山铝业,2025-10-23 09:59:51,12.8,64000,12.78,U
sz002532,天山铝业,2025-10-23 10:00:03,12.79,23800,12.79,U
sz002532,天山铝业,2025-10-23 10:00:15,12.79,18300,12.79,D
sz002532,天山铝业,2025-10-23 10:00:21,12.79,127300,12.79,D
sz002532,天山铝业,2025-10-23 10:00:39,12.78,70033,12.78,D
sz002532,天山铝业,2025-10-23 10:01:03,12.79,17800,12.79,D
sz002532,天山铝业,2025-10-23 10:01:06,12.79,42800,12.79,D
sz002532,天山铝业,2025-10-23 10:01:12,12.79,29700,12.8,D
sz002532,天山铝业,2025-10-23 10:01:15,12.79,103000,12.79,D
sz002532,天山铝业,2025-10-23 10:01:21,12.79,76800,12.79,U
sz002532,天山铝业,2025-10-23 10:01:27,12.79,17600,12.79,D
sz002532,天山铝业,2025-10-23 10:01:42,12.78,54600,12.79,D
sz002532,天山铝业,2025-10-23 10:01:51,12.79,50800,12.79,U
sz002532,天山铝业,2025-10-23 10:01:54,12.77,62800,12.79,D
sz002532,天山铝业,2025-10-23 10:02:06,12.75,23700,12.76,D
sz002532,天山铝业,2025-10-23 10:02:15,12.75,16300,12.75,D
sz002532,天山铝业,2025-10-23 10:02:18,12.75,91500,12.75,U
sz002532,天山铝业,2025-10-23 10:02:30,12.73,34100,12.72,D
sz002532,天山铝业,2025-10-23 10:02:51,12.73,16300,12.75,D
sz002532,天山铝业,2025-10-23 10:03:21,12.72,33100,12.73,D
sz002532,天山铝业,2025-10-23 10:03:51,12.72,18000,12.71,U
sz002532,天山铝业,2025-10-23 10:03:57,12.7,20000,12.71,D
sz002532,天山铝业,2025-10-23 10:04:18,12.69,43900,12.7,D
sz002532,天山铝业,2025-10-23 10:04:48,12.69,42212,12.68,U
sz002532,天山铝业,2025-10-23 10:05:21,12.69,20000,12.68,U
sz002532,天山铝业,2025-10-23 10:05:27,12.68,18700,12.68,D
sz002532,天山铝业,2025-10-23 10:05:33,12.68,26800,12.68,D
sz002532,天山铝业,2025-10-23 10:05:42,12.68,50300,12.69,D
sz002532,天山铝业,2025-10-23 10:05:45,12.69,30900,12.68,U
sz002532,天山铝业,2025-10-23 10:07:27,12.7,15800,12.69,U
sz002532,天山铝业,2025-10-23 10:08:03,12.7,23312,12.7,U
sz002532,天山铝业,2025-10-23 10:08:15,12.71,18900,12.69,U
sz002532,天山铝业,2025-10-23 10:08:27,12.69,31000,12.7,D
sz002532,天山铝业,2025-10-23 10:08:30,12.73,169512,12.69,U
sz002532,天山铝业,2025-10-23 10:08:36,12.73,89000,12.74,D
sz002532,天山铝业,2025-10-23 10:08:45,12.79,24300,12.76,U
sz002532,天山铝业,2025-10-23 10:08:51,12.79,25600,12.76,U
sz002532,天山铝业,2025-10-23 10:08:57,12.77,47700,12.78,D
sz002532,天山铝业,2025-10-23 10:09:06,12.79,32100,12.77,U
sz002532,天山铝业,2025-10-23 10:09:18,12.79,26200,12.76,U
sz002532,天山铝业,2025-10-23 10:09:36,12.78,39600,12.76,E
sz002532,天山铝业,2025-10-23 10:09:48,12.77,19500,12.76,U
sz002532,天山铝业,2025-10-23 10:10:36,12.73,44200,12.74,D
sz002532,天山铝业,2025-10-23 10:11:18,12.71,32700,12.71,D
sz002532,天山铝业,2025-10-23 10:11:21,12.72,26600,12.71,U
sz002532,天山铝业,2025-10-23 10:11:36,12.7,15900,12.7,D
sz002532,天山铝业,2025-10-23 10:12:03,12.69,25800,12.69,D
sz002532,天山铝业,2025-10-23 10:12:24,12.7,40500,12.69,U
sz002532,天山铝业,2025-10-23 10:12:30,12.7,17300,12.71,D
sz002532,天山铝业,2025-10-23 10:12:36,12.71,19700,12.7,U
sz002532,天山铝业,2025-10-23 10:12:39,12.73,233100,12.71,U
sz002532,天山铝业,2025-10-23 10:13:03,12.75,23000,12.74,U
sz002532,天山铝业,2025-10-23 10:13:06,12.76,30500,12.75,U
sz002532,天山铝业,2025-10-23 10:13:09,12.76,46900,12.76,U
sz002532,天山铝业,2025-10-23 10:13:12,12.78,21100,12.76,U
sz002532,天山铝业,2025-10-23 10:13:15,12.78,26700,12.78,U
sz002532,天山铝业,2025-10-23 10:13:27,12.79,22200,12.77,U
sz002532,天山铝业,2025-10-23 10:13:33,12.77,17900,12.76,D
sz002532,天山铝业,2025-10-23 10:13:51,12.77,18300,12.77,D
sz002532,天山铝业,2025-10-23 10:14:12,12.77,15700,12.76,U
sz002532,天山铝业,2025-10-23 10:14:18,12.76,19700,12.77,D
sz002532,天山铝业,2025-10-23 10:14:33,12.77,30200,12.77,E
sz002532,天山铝业,2025-10-23 10:14:39,12.76,89500,12.77,D
sz002532,天山铝业,2025-10-23 10:14:42,12.75,18900,12.76,D
sz002532,天山铝业,2025-10-23 10:15:00,12.74,28600,12.77,D
sz002532,天山铝业,2025-10-23 10:15:30,12.77,28000,12.77,U
sz002532,天山铝业,2025-10-23 10:15:33,12.78,19760,12.77,U
sz002532,天山铝业,2025-10-23 10:15:36,12.79,34900,12.78,U
sz002532,天山铝业,2025-10-23 10:15:45,12.78,18100,12.79,D
sz002532,天山铝业,2025-10-23 10:15:51,12.77,60440,12.78,D
sz002532,天山铝业,2025-10-23 10:15:57,12.75,90300,12.76,D
sz002532,天山铝业,2025-10-23 10:16:00,12.74,17500,12.75,D
sz002532,天山铝业,2025-10-23 10:16:09,12.74,36400,12.74,D
sz002532,天山铝业,2025-10-23 10:16:24,12.74,27000,12.74,U
sz002532,天山铝业,2025-10-23 10:16:48,12.75,32300,12.76,D
sz002532,天山铝业,2025-10-23 10:16:51,12.74,65600,12.75,D
sz002532,天山铝业,2025-10-23 10:17:30,12.74,103800,12.74,D
sz002532,天山铝业,2025-10-23 10:17:33,12.7,19000,12.74,D
sz002532,天山铝业,2025-10-23 10:17:42,12.7,24200,12.71,D
sz002532,天山铝业,2025-10-23 10:17:51,12.7,35100,12.7,D
sz002532,天山铝业,2025-10-23 10:18:48,12.74,38100,12.73,U
sz002532,天山铝业,2025-10-23 10:19:00,12.74,31000,12.72,U
sz002532,天山铝业,2025-10-23 10:19:09,12.74,40100,12.74,D
sz002532,天山铝业,2025-10-23 10:19:12,12.75,24900,12.74,U
sz002532,天山铝业,2025-10-23 10:19:15,12.75,32300,12.75,U
sz002532,天山铝业,2025-10-23 10:19:18,12.76,25000,12.75,U
sz002532,天山铝业,2025-10-23 10:19:57,12.75,55300,12.75,D
sz002532,天山铝业,2025-10-23 10:20:00,12.78,53900,12.75,U
sz002532,天山铝业,2025-10-23 10:20:03,12.76,19800,12.78,E
sz002532,天山铝业,2025-10-23 10:20:12,12.77,25800,12.77,U
sz002532,天山铝业,2025-10-23 10:20:15,12.75,28300,12.77,D
sz002532,天山铝业,2025-10-23 10:20:24,12.77,26700,12.76,U
sz002532,天山铝业,2025-10-23 10:20:36,12.76,19800,12.76,D
sz002532,天山铝业,2025-10-23 10:21:03,12.76,18400,12.76,D
sz002532,天山铝业,2025-10-23 10:21:09,12.75,41900,12.75,D
sz002532,天山铝业,2025-10-23 10:21:15,12.74,29600,12.75,D
sz002532,天山铝业,2025-10-23 10:21:33,12.74,17000,12.73,U
sz002532,天山铝业,2025-10-23 10:23:00,12.72,217400,12.74,D
sz002532,天山铝业,2025-10-23 10:23:03,12.72,36600,12.72,U
sz002532,天山铝业,2025-10-23 10:23:06,12.72,25500,12.72,U
sz002532,天山铝业,2025-10-23 10:23:12,12.72,38600,12.7,U
sz002532,天山铝业,2025-10-23 10:23:24,12.73,33700,12.7,U
sz002532,天山铝业,2025-10-23 10:23:27,12.72,19400,12.73,E
sz002532,天山铝业,2025-10-23 10:25:00,12.72,84400,12.72,D
sz002532,天山铝业,2025-10-23 10:25:24,12.73,17700,12.72,U
sz002532,天山铝业,2025-10-23 10:25:54,12.75,49200,12.75,U
sz002532,天山铝业,2025-10-23 10:25:57,12.77,23400,12.75,U
sz002532,天山铝业,2025-10-23 10:26:00,12.77,30200,12.77,U
sz002532,天山铝业,2025-10-23 10:26:12,12.74,91600,12.75,D
sz002532,天山铝业,2025-10-23 10:26:15,12.75,18000,12.74,D
sz002532,天山铝业,2025-10-23 10:26:21,12.78,44000,12.76,U
sz002532,天山铝业,2025-10-23 10:26:24,12.78,22600,12.78,U
sz002532,天山铝业,2025-10-23 10:26:27,12.76,188700,12.78,D
sz002532,天山铝业,2025-10-23 10:26:30,12.76,32000,12.76,E
sz002532,天山铝业,2025-10-23 10:27:00,12.75,20100,12.73,U
sz002532,天山铝业,2025-10-23 10:27:15,12.73,21300,12.74,D
sz002532,天山铝业,2025-10-23 10:27:21,12.74,35300,12.74,U
sz002532,天山铝业,2025-10-23 10:27:45,12.76,33900,12.76,D
sz002532,天山铝业,2025-10-23 10:27:48,12.75,85400,12.76,D
sz002532,天山铝业,2025-10-23 10:28:21,12.74,17100,12.74,D
sz002532,天山铝业,2025-10-23 10:28:27,12.75,17400,12.74,U
sz002532,天山铝业,2025-10-23 10:28:48,12.75,83000,12.75,D
sz002532,天山铝业,2025-10-23 10:28:51,12.75,22900,12.75,D
sz002532,天山铝业,2025-10-23 10:29:00,12.76,50300,12.76,U
sz002532,天山铝业,2025-10-23 10:29:30,12.75,27000,12.76,D
sz002532,天山铝业,2025-10-23 10:29:39,12.75,27800,12.74,U
sz002532,天山铝业,2025-10-23 10:29:48,12.75,36200,12.74,U
sz002532,天山铝业,2025-10-23 10:30:03,12.73,61000,12.73,D
sz002532,天山铝业,2025-10-23 10:30:18,12.74,48800,12.74,U
sz002532,天山铝业,2025-10-23 10:30:27,12.72,19600,12.72,D
sz002532,天山铝业,2025-10-23 10:31:00,12.72,27100,12.72,D
sz002532,天山铝业,2025-10-23 10:31:12,12.73,19500,12.71,U
sz002532,天山铝业,2025-10-23 10:31:57,12.71,20100,12.71,D
sz002532,天山铝业,2025-10-23 10:32:03,12.7,58200,12.71,D
sz002532,天山铝业,2025-10-23 10:32:18,12.71,22200,12.7,U
sz002532,天山铝业,2025-10-23 10:32:51,12.71,16100,12.7,U
sz002532,天山铝业,2025-10-23 10:33:06,12.7,50100,12.71,D
sz002532,天山铝业,2025-10-23 10:33:09,12.72,56500,12.7,U
sz002532,天山铝业,2025-10-23 10:33:27,12.69,16600,12.7,D
sz002532,天山铝业,2025-10-23 10:33:51,12.69,20300,12.69,D
sz002532,天山铝业,2025-10-23 10:34:00,12.68,39300,12.68,D
sz002532,天山铝业,2025-10-23 10:34:42,12.7,25400,12.69,U
sz002532,天山铝业,2025-10-23 10:34:51,12.68,34000,12.69,D
sz002532,天山铝业,2025-10-23 10:35:03,12.68,23300,12.68,U
sz002532,天山铝业,2025-10-23 10:35:18,12.68,50300,12.67,U
sz002532,天山铝业,2025-10-23 10:35:33,12.69,32600,12.68,U
sz002532,天山铝业,2025-10-23 10:35:36,12.7,120800,12.69,U
sz002532,天山铝业,2025-10-23 10:35:45,12.72,18400,12.71,U
sz002532,天山铝业,2025-10-23 10:36:06,12.73,27100,12.72,U
sz002532,天山铝业,2025-10-23 10:36:09,12.73,21100,12.73,U
sz002532,天山铝业,2025-10-23 10:36:36,12.71,38100,12.73,D
sz002532,天山铝业,2025-10-23 10:36:54,12.73,61000,12.72,U
sz002532,天山铝业,2025-10-23 10:37:21,12.73,22000,12.73,D
sz002532,天山铝业,2025-10-23 10:38:18,12.71,22800,12.71,D
sz002532,天山铝业,2025-10-23 10:38:30,12.7,16300,12.72,D
sz002532,天山铝业,2025-10-23 10:38:36,12.7,17900,12.7,D
sz002532,天山铝业,2025-10-23 10:39:06,12.69,18100,12.69,D
sz002532,天山铝业,2025-10-23 10:39:18,12.7,30000,12.7,U
sz002532,天山铝业,2025-10-23 10:40:24,12.67,21500,12.67,D
sz002532,天山铝业,2025-10-23 10:40:45,12.68,35100,12.67,U
sz002532,天山铝业,2025-10-23 10:41:03,12.66,20800,12.67,D
sz002532,天山铝业,2025-10-23 10:41:39,12.67,26700,12.66,U
sz002532,天山铝业,2025-10-23 10:41:57,12.66,16700,12.66,D
sz002532,天山铝业,2025-10-23 10:42:51,12.66,22200,12.66,D
sz002532,天山铝业,2025-10-23 10:43:09,12.66,77500,12.66,D
sz002532,天山铝业,2025-10-23 10:43:15,12.65,18300,12.65,D
sz002532,天山铝业,2025-10-23 10:43:24,12.65,16500,12.65,D
sz002532,天山铝业,2025-10-23 10:43:42,12.65,22300,12.65,D
sz002532,天山铝业,2025-10-23 10:43:45,12.65,20500,12.65,D
sz002532,天山铝业,2025-10-23 10:44:18,12.63,17500,12.63,D
sz002532,天山铝业,2025-10-23 10:44:27,12.62,21700,12.63,D
sz002532,天山铝业,2025-10-23 10:45:42,12.62,17800,12.63,D
sz002532,天山铝业,2025-10-23 10:46:36,12.62,17900,12.62,D
sz002532,天山铝业,2025-10-23 10:46:39,12.62,16700,12.62,D
sz002532,天山铝业,2025-10-23 10:47:00,12.61,21000,12.62,D
sz002532,天山铝业,2025-10-23 10:47:09,12.61,39600,12.61,D
sz002532,天山铝业,2025-10-23 10:47:24,12.61,18500,12.61,D
sz002532,天山铝业,2025-10-23 10:47:39,12.61,26200,12.61,D
sz002532,天山铝业,2025-10-23 10:48:03,12.61,22100,12.61,D
sz002532,天山铝业,2025-10-23 10:48:06,12.61,17900,12.61,D
sz002532,天山铝业,2025-10-23 10:48:21,12.6,17400,12.61,D
sz002532,天山铝业,2025-10-23 10:48:27,12.58,248200,12.6,D
sz002532,天山铝业,2025-10-23 10:48:45,12.59,16700,12.58,U
sz002532,天山铝业,2025-10-23 10:48:54,12.59,24700,12.58,U
sz002532,天山铝业,2025-10-23 10:49:09,12.59,16600,12.59,D
sz002532,天山铝业,2025-10-23 10:49:12,12.59,16400,12.59,D
sz002532,天山铝业,2025-10-23 10:49:33,12.59,23100,12.59,D
sz002532,天山铝业,2025-10-23 10:49:36,12.59,26300,12.59,D
sz002532,天山铝业,2025-10-23 10:50:24,12.58,29100,12.58,D
sz002532,天山铝业,2025-10-23 10:50:30,12.59,34400,12.58,U
sz002532,天山铝业,2025-10-23 10:50:54,12.59,24100,12.58,U
sz002532,天山铝业,2025-10-23 10:51:00,12.59,20000,12.59,U
sz002532,天山铝业,2025-10-23 10:51:39,12.58,17200,12.58,D
sz002532,天山铝业,2025-10-23 10:51:57,12.57,20000,12.57,D
sz002532,天山铝业,2025-10-23 10:52:15,12.57,32500,12.57,D
sz002532,天山铝业,2025-10-23 10:52:24,12.57,16000,12.57,E
sz002532,天山铝业,2025-10-23 10:52:36,12.56,100000,12.57,D
sz002532,天山铝业,2025-10-23 10:52:42,12.57,18500,12.57,D
sz002532,天山铝业,2025-10-23 10:52:51,12.57,24500,12.58,D
sz002532,天山铝业,2025-10-23 10:53:03,12.57,17500,12.56,U
sz002532,天山铝业,2025-10-23 10:53:12,12.56,31700,12.56,D
sz002532,天山铝业,2025-10-23 10:53:15,12.56,20600,12.56,D
sz002532,天山铝业,2025-10-23 10:53:21,12.56,20700,12.56,D
sz002532,天山铝业,2025-10-23 10:53:30,12.57,25100,12.57,U
sz002532,天山铝业,2025-10-23 10:53:48,12.56,18200,12.56,D
sz002532,天山铝业,2025-10-23 10:54:06,12.55,28300,12.56,D
sz002532,天山铝业,2025-10-23 10:54:12,12.56,38500,12.55,U
sz002532,天山铝业,2025-10-23 10:54:45,12.55,37400,12.55,D
sz002532,天山铝业,2025-10-23 10:55:06,12.55,48800,12.55,D
sz002532,天山铝业,2025-10-23 10:55:12,12.55,30700,12.55,D
sz002532,天山铝业,2025-10-23 10:55:15,12.55,42400,12.55,D
sz002532,天山铝业,2025-10-23 10:55:48,12.55,22300,12.55,D
sz002532,天山铝业,2025-10-23 10:55:51,12.57,42600,12.55,U
sz002532,天山铝业,2025-10-23 10:55:54,12.57,190700,12.57,U
sz002532,天山铝业,2025-10-23 10:55:57,12.57,18000,12.57,D
sz002532,天山铝业,2025-10-23 10:56:36,12.56,37400,12.55,U
sz002532,天山铝业,2025-10-23 10:57:03,12.57,16100,12.57,U
sz002532,天山铝业,2025-10-23 10:58:09,12.56,16600,12.56,D
sz002532,天山铝业,2025-10-23 10:58:39,12.57,27400,12.56,U
sz002532,天山铝业,2025-10-23 10:59:36,12.56,34900,12.58,D
sz002532,天山铝业,2025-10-23 11:00:06,12.57,26700,12.57,D
sz002532,天山铝业,2025-10-23 11:00:33,12.58,29400,12.57,U
sz002532,天山铝业,2025-10-23 11:00:36,12.56,19800,12.58,D
sz002532,天山铝业,2025-10-23 11:00:48,12.56,21800,12.56,D
sz002532,天山铝业,2025-10-23 11:01:03,12.55,17200,12.56,D
sz002532,天山铝业,2025-10-23 11:01:21,12.55,32100,12.55,D
sz002532,天山铝业,2025-10-23 11:01:45,12.57,78500,12.56,U
sz002532,天山铝业,2025-10-23 11:02:30,12.56,25400,12.57,D
sz002532,天山铝业,2025-10-23 11:03:24,12.57,51600,12.56,E
sz002532,天山铝业,2025-10-23 11:03:36,12.58,18100,12.57,U
sz002532,天山铝业,2025-10-23 11:04:51,12.55,41600,12.57,D
sz002532,天山铝业,2025-10-23 11:05:00,12.57,56200,12.56,U
sz002532,天山铝业,2025-10-23 11:05:36,12.57,16700,12.56,U
sz002532,天山铝业,2025-10-23 11:05:45,12.55,50500,12.55,D
sz002532,天山铝业,2025-10-23 11:06:09,12.54,26300,12.54,D
sz002532,天山铝业,2025-10-23 11:06:12,12.54,77097,12.54,D
sz002532,天山铝业,2025-10-23 11:06:30,12.55,78100,12.53,U
sz002532,天山铝业,2025-10-23 11:06:45,12.53,26700,12.53,D
sz002532,天山铝业,2025-10-23 11:06:48,12.53,22400,12.53,D
sz002532,天山铝业,2025-10-23 11:07:03,12.54,20600,12.54,U
sz002532,天山铝业,2025-10-23 11:07:15,12.55,17103,12.54,U
sz002532,天山铝业,2025-10-23 11:08:06,12.54,16400,12.55,D
sz002532,天山铝业,2025-10-23 11:08:12,12.55,31500,12.55,U
sz002532,天山铝业,2025-10-23 11:08:18,12.57,93300,12.55,U
sz002532,天山铝业,2025-10-23 11:08:45,12.53,17000,12.57,D
sz002532,天山铝业,2025-10-23 11:08:54,12.55,19400,12.56,D
sz002532,天山铝业,2025-10-23 11:09:00,12.57,39500,12.53,U
sz002532,天山铝业,2025-10-23 11:09:03,12.56,24500,12.57,E
sz002532,天山铝业,2025-10-23 11:09:33,12.57,21400,12.58,D
sz002532,天山铝业,2025-10-23 11:09:42,12.57,18100,12.57,U
sz002532,天山铝业,2025-10-23 11:10:54,12.59,25100,12.56,U
sz002532,天山铝业,2025-10-23 11:10:57,12.6,57700,12.59,U
sz002532,天山铝业,2025-10-23 11:11:33,12.6,50100,12.57,U
sz002532,天山铝业,2025-10-23 11:11:54,12.56,20800,12.6,D
sz002532,天山铝业,2025-10-23 11:12:03,12.6,41200,12.58,U
sz002532,天山铝业,2025-10-23 11:12:06,12.59,43400,12.6,E
sz002532,天山铝业,2025-10-23 11:12:09,12.62,20200,12.59,U
sz002532,天山铝业,2025-10-23 11:12:24,12.61,32900,12.61,D
sz002532,天山铝业,2025-10-23 11:12:57,12.63,30500,12.6,U
sz002532,天山铝业,2025-10-23 11:13:06,12.63,28800,12.63,U
sz002532,天山铝业,2025-10-23 11:13:39,12.64,22900,12.62,U
sz002532,天山铝业,2025-10-23 11:13:42,12.65,43600,12.64,U
sz002532,天山铝业,2025-10-23 11:14:06,12.63,25100,12.65,D
sz002532,天山铝业,2025-10-23 11:15:00,12.62,27900,12.62,D
sz002532,天山铝业,2025-10-23 11:15:30,12.64,65000,12.62,U
sz002532,天山铝业,2025-10-23 11:15:33,12.65,36200,12.64,U
sz002532,天山铝业,2025-10-23 11:15:36,12.64,16400,12.65,D
sz002532,天山铝业,2025-10-23 11:15:39,12.67,29700,12.64,U
sz002532,天山铝业,2025-10-23 11:16:18,12.68,34600,12.67,U
sz002532,天山铝业,2025-10-23 11:16:24,12.69,23900,12.68,U
sz002532,天山铝业,2025-10-23 11:16:36,12.7,21800,12.68,U
sz002532,天山铝业,2025-10-23 11:17:12,12.7,30600,12.7,D
sz002532,天山铝业,2025-10-23 11:17:51,12.69,28500,12.7,D
sz002532,天山铝业,2025-10-23 11:18:51,12.68,30300,12.68,U
sz002532,天山铝业,2025-10-23 11:19:03,12.67,39100,12.66,U
sz002532,天山铝业,2025-10-23 11:19:12,12.66,37400,12.67,D
sz002532,天山铝业,2025-10-23 11:19:24,12.67,22300,12.65,U
sz002532,天山铝业,2025-10-23 11:19:39,12.69,21300,12.67,U
sz002532,天山铝业,2025-10-23 11:19:48,12.69,33200,12.68,U
sz002532,天山铝业,2025-10-23 11:20:21,12.71,28100,12.7,U
sz002532,天山铝业,2025-10-23 11:20:39,12.71,47100,12.71,U
sz002532,天山铝业,2025-10-23 11:20:45,12.71,17700,12.71,D
sz002532,天山铝业,2025-10-23 11:20:51,12.72,50400,12.71,U
sz002532,天山铝业,2025-10-23 11:21:27,12.73,31700,12.72,U
sz002532,天山铝业,2025-10-23 11:21:36,12.73,31600,12.74,D
sz002532,天山铝业,2025-10-23 11:21:48,12.73,67500,12.74,D
sz002532,天山铝业,2025-10-23 11:21:54,12.75,29200,12.74,U
sz002532,天山铝业,2025-10-23 11:22:03,12.75,37400,12.73,U
sz002532,天山铝业,2025-10-23 11:23:12,12.73,22700,12.74,D
sz002532,天山铝业,2025-10-23 11:23:15,12.75,51900,12.73,U
sz002532,天山铝业,2025-10-23 11:23:18,12.74,51900,12.75,D
sz002532,天山铝业,2025-10-23 11:23:21,12.75,87000,12.74,E
sz002532,天山铝业,2025-10-23 11:23:45,12.75,63700,12.77,D
sz002532,天山铝业,2025-10-23 11:23:51,12.75,36200,12.74,U
sz002532,天山铝业,2025-10-23 11:23:54,12.76,32600,12.75,U
sz002532,天山铝业,2025-10-23 11:23:57,12.77,64100,12.76,U
sz002532,天山铝业,2025-10-23 11:24:18,12.77,50600,12.78,D
sz002532,天山铝业,2025-10-23 11:24:27,12.78,47700,12.78,U
sz002532,天山铝业,2025-10-23 11:24:36,12.79,47100,12.79,U
sz002532,天山铝业,2025-10-23 11:24:39,12.79,42900,12.79,U
sz002532,天山铝业,2025-10-23 11:24:42,12.79,16900,12.79,U
sz002532,天山铝业,2025-10-23 11:24:54,12.79,18300,12.79,U
sz002532,天山铝业,2025-10-23 11:24:57,12.81,293166,12.79,U
sz002532,天山铝业,2025-10-23 11:25:09,12.82,41320,12.82,U
sz002532,天山铝业,2025-10-23 11:25:21,12.8,18200,12.79,E
sz002532,天山铝业,2025-10-23 11:25:39,12.79,62200,12.79,D
sz002532,天山铝业,2025-10-23 11:26:12,12.79,23200,12.78,U
sz002532,天山铝业,2025-10-23 11:26:15,12.79,60200,12.79,U
sz002532,天山铝业,2025-10-23 11:26:39,12.75,22500,12.76,D
sz002532,天山铝业,2025-10-23 11:26:45,12.77,23300,12.75,U
sz002532,天山铝业,2025-10-23 11:27:03,12.77,23400,12.77,D
sz002532,天山铝业,2025-10-23 11:27:27,12.77,60800,12.77,U
sz002532,天山铝业,2025-10-23 11:27:54,12.74,20000,12.75,D
sz002532,天山铝业,2025-10-23 11:28:03,12.75,21000,12.74,U
sz002532,天山铝业,2025-10-23 11:28:33,12.75,33300,12.75,D
sz002532,天山铝业,2025-10-23 11:28:39,12.75,18700,12.74,U
sz002532,天山铝业,2025-10-23 11:28:45,12.75,32500,12.75,D
sz002532,天山铝业,2025-10-23 11:28:57,12.74,49900,12.75,D
sz002532,天山铝业,2025-10-23 11:29:51,12.72,28200,12.73,D
sz002532,天山铝业,2025-10-23 13:00:00,12.73,124100,12.7,U
sz002532,天山铝业,2025-10-23 13:00:03,12.73,31800,12.73,D
sz002532,天山铝业,2025-10-23 13:00:36,12.71,45500,12.7,U
sz002532,天山铝业,2025-10-23 13:00:39,12.71,58800,12.71,U
sz002532,天山铝业,2025-10-23 13:00:45,12.71,42400,12.68,U
sz002532,天山铝业,2025-10-23 13:03:33,12.7,15900,12.7,D
sz002532,天山铝业,2025-10-23 13:03:42,12.71,18800,12.7,U
sz002532,天山铝业,2025-10-23 13:04:39,12.73,16000,12.72,U
sz002532,天山铝业,2025-10-23 13:05:09,12.73,47200,12.73,D
sz002532,天山铝业,2025-10-23 13:05:12,12.73,30600,12.73,U
sz002532,天山铝业,2025-10-23 13:07:21,12.7,46100,12.72,D
sz002532,天山铝业,2025-10-23 13:07:45,12.68,42300,12.68,D
sz002532,天山铝业,2025-10-23 13:08:00,12.65,27700,12.67,D
sz002532,天山铝业,2025-10-23 13:09:33,12.66,17400,12.65,U
sz002532,天山铝业,2025-10-23 13:10:42,12.65,17100,12.65,D
sz002532,天山铝业,2025-10-23 13:11:12,12.64,26100,12.65,D
sz002532,天山铝业,2025-10-23 13:11:36,12.68,29800,12.66,U
sz002532,天山铝业,2025-10-23 13:13:03,12.66,32300,12.66,U
sz002532,天山铝业,2025-10-23 13:14:51,12.67,35500,12.67,D
sz002532,天山铝业,2025-10-23 13:15:33,12.68,17000,12.68,U
sz002532,天山铝业,2025-10-23 13:16:06,12.69,16000,12.68,U
sz002532,天山铝业,2025-10-23 13:16:27,12.7,16200,12.69,U
sz002532,天山铝业,2025-10-23 13:16:30,12.7,20000,12.7,D
sz002532,天山铝业,2025-10-23 13:16:36,12.73,27400,12.7,U
sz002532,天山铝业,2025-10-23 13:16:45,12.73,17000,12.7,U
sz002532,天山铝业,2025-10-23 13:17:42,12.72,17800,12.72,U
sz002532,天山铝业,2025-10-23 13:17:45,12.72,24000,12.72,U
sz002532,天山铝业,2025-10-23 13:18:42,12.71,16500,12.69,U
sz002532,天山铝业,2025-10-23 13:18:57,12.71,17900,12.71,D
sz002532,天山铝业,2025-10-23 13:19:57,12.7,16000,12.7,D
sz002532,天山铝业,2025-10-23 13:20:27,12.73,69100,12.7,U
sz002532,天山铝业,2025-10-23 13:21:42,12.72,240100,12.7,U
sz002532,天山铝业,2025-10-23 13:21:54,12.75,17500,12.72,E
sz002532,天山铝业,2025-10-23 13:22:24,12.78,250200,12.73,U
sz002532,天山铝业,2025-10-23 13:23:39,12.73,18000,12.73,D
sz002532,天山铝业,2025-10-23 13:24:18,12.72,31900,12.72,D
sz002532,天山铝业,2025-10-23 13:24:45,12.69,31800,12.71,D
sz002532,天山铝业,2025-10-23 13:26:03,12.71,15900,12.7,U
sz002532,天山铝业,2025-10-23 13:28:00,12.76,41603,12.72,U
sz002532,天山铝业,2025-10-23 13:29:12,12.72,19000,12.73,D
sz002532,天山铝业,2025-10-23 13:30:27,12.71,16800,12.72,D
sz002532,天山铝业,2025-10-23 13:33:30,12.71,38200,12.71,D
sz002532,天山铝业,2025-10-23 13:34:30,12.7,28800,12.7,D
sz002532,天山铝业,2025-10-23 13:35:21,12.7,23800,12.71,D
sz002532,天山铝业,2025-10-23 13:35:45,12.69,16800,12.69,D
sz002532,天山铝业,2025-10-23 13:38:18,12.66,22200,12.66,D
sz002532,天山铝业,2025-10-23 13:38:51,12.65,19000,12.67,D
sz002532,天山铝业,2025-10-23 13:39:18,12.66,20600,12.65,U
sz002532,天山铝业,2025-10-23 13:39:45,12.64,18900,12.64,D
sz002532,天山铝业,2025-10-23 13:39:48,12.64,18800,12.64,D
sz002532,天山铝业,2025-10-23 13:40:48,12.63,30000,12.63,D
sz002532,天山铝业,2025-10-23 13:40:54,12.62,19300,12.63,D
sz002532,天山铝业,2025-10-23 13:41:36,12.62,100200,12.62,D
sz002532,天山铝业,2025-10-23 13:41:39,12.63,17400,12.62,U
sz002532,天山铝业,2025-10-23 13:41:48,12.61,41900,12.61,D
sz002532,天山铝业,2025-10-23 13:42:15,12.61,29400,12.61,D
sz002532,天山铝业,2025-10-23 13:43:06,12.62,35300,12.62,U
sz002532,天山铝业,2025-10-23 13:43:15,12.61,17500,12.62,D
sz002532,天山铝业,2025-10-23 13:44:03,12.61,69100,12.61,D
sz002532,天山铝业,2025-10-23 13:44:09,12.6,37400,12.6,D
sz002532,天山铝业,2025-10-23 13:44:15,12.6,17200,12.6,D
sz002532,天山铝业,2025-10-23 13:44:27,12.6,25700,12.6,D
sz002532,天山铝业,2025-10-23 13:44:36,12.58,62400,12.6,D
sz002532,天山铝业,2025-10-23 13:44:39,12.58,44400,12.58,D
sz002532,天山铝业,2025-10-23 13:45:06,12.58,55700,12.58,D
sz002532,天山铝业,2025-10-23 13:45:33,12.57,42700,12.58,D
sz002532,天山铝业,2025-10-23 13:47:48,12.59,38800,12.6,D
sz002532,天山铝业,2025-10-23 13:49:48,12.61,94300,12.62,D
sz002532,天山铝业,2025-10-23 13:49:54,12.6,83300,12.61,D
sz002532,天山铝业,2025-10-23 13:49:57,12.62,19500,12.6,U
sz002532,天山铝业,2025-10-23 13:50:21,12.59,48100,12.61,D
sz002532,天山铝业,2025-10-23 13:50:39,12.58,19000,12.58,D
sz002532,天山铝业,2025-10-23 13:50:51,12.57,76600,12.6,D
sz002532,天山铝业,2025-10-23 13:52:03,12.61,17900,12.62,D
sz002532,天山铝业,2025-10-23 13:52:15,12.61,18900,12.61,D
sz002532,天山铝业,2025-10-23 13:54:42,12.63,17000,12.64,D
sz002532,天山铝业,2025-10-23 13:56:21,12.63,37200,12.62,U
sz002532,天山铝业,2025-10-23 13:57:00,12.63,63000,12.62,U
sz002532,天山铝业,2025-10-23 13:57:03,12.63,23300,12.63,D
sz002532,天山铝业,2025-10-23 13:57:33,12.63,19300,12.63,D
sz002532,天山铝业,2025-10-23 14:00:30,12.63,16700,12.62,U
sz002532,天山铝业,2025-10-23 14:00:57,12.65,138100,12.64,U
sz002532,天山铝业,2025-10-23 14:01:21,12.69,36300,12.69,D
sz002532,天山铝业,2025-10-23 14:01:30,12.68,17700,12.68,D
sz002532,天山铝业,2025-10-23 14:01:54,12.69,23100,12.69,U
sz002532,天山铝业,2025-10-23 14:02:15,12.67,17800,12.67,D
sz002532,天山铝业,2025-10-23 14:02:18,12.69,17200,12.67,U
sz002532,天山铝业,2025-10-23 14:02:39,12.69,76000,12.69,U
sz002532,天山铝业,2025-10-23 14:03:21,12.7,20100,12.7,D
sz002532,天山铝业,2025-10-23 14:03:54,12.74,21100,12.73,U
sz002532,天山铝业,2025-10-23 14:04:48,12.7,18100,12.7,D
sz002532,天山铝业,2025-10-23 14:04:51,12.71,26200,12.7,U
sz002532,天山铝业,2025-10-23 14:05:48,12.71,25900,12.71,D
sz002532,天山铝业,2025-10-23 14:06:27,12.71,18900,12.72,D
sz002532,天山铝业,2025-10-23 14:06:42,12.7,17900,12.71,D
sz002532,天山铝业,2025-10-23 14:07:00,12.72,19600,12.7,U
sz002532,天山铝业,2025-10-23 14:08:57,12.71,19800,12.7,U
sz002532,天山铝业,2025-10-23 14:09:27,12.73,39100,12.72,U
sz002532,天山铝业,2025-10-23 14:09:48,12.72,16400,12.72,D
sz002532,天山铝业,2025-10-23 14:10:03,12.75,55100,12.73,U
sz002532,天山铝业,2025-10-23 14:10:39,12.73,32700,12.74,D
sz002532,天山铝业,2025-10-23 14:11:03,12.72,26100,12.72,D
sz002532,天山铝业,2025-10-23 14:11:09,12.72,45500,12.72,D
sz002532,天山铝业,2025-10-23 14:11:36,12.73,20400,12.72,U
sz002532,天山铝业,2025-10-23 14:11:51,12.72,26500,12.72,U
sz002532,天山铝业,2025-10-23 14:11:54,12.73,51100,12.72,U
sz002532,天山铝业,2025-10-23 14:13:15,12.74,53600,12.73,U
sz002532,天山铝业,2025-10-23 14:13:24,12.75,39600,12.73,U
sz002532,天山铝业,2025-10-23 14:14:18,12.74,28700,12.74,U
sz002532,天山铝业,2025-10-23 14:14:24,12.75,58100,12.74,U
sz002532,天山铝业,2025-10-23 14:14:45,12.74,19800,12.74,D
sz002532,天山铝业,2025-10-23 14:14:51,12.74,29900,12.74,D
sz002532,天山铝业,2025-10-23 14:15:00,12.72,39100,12.74,D
sz002532,天山铝业,2025-10-23 14:15:12,12.74,41800,12.74,D
sz002532,天山铝业,2025-10-23 14:15:18,12.74,27400,12.74,D
sz002532,天山铝业,2025-10-23 14:15:36,12.74,53700,12.75,D
sz002532,天山铝业,2025-10-23 14:15:42,12.76,27300,12.75,U
sz002532,天山铝业,2025-10-23 14:15:57,12.76,18900,12.75,U
sz002532,天山铝业,2025-10-23 14:16:06,12.77,31200,12.76,U
sz002532,天山铝业,2025-10-23 14:16:15,12.77,38600,12.78,D
sz002532,天山铝业,2025-10-23 14:16:45,12.74,19700,12.76,D
sz002532,天山铝业,2025-10-23 14:17:00,12.74,18200,12.73,U
sz002532,天山铝业,2025-10-23 14:17:42,12.75,154800,12.74,U
sz002532,天山铝业,2025-10-23 14:18:24,12.77,17800,12.76,U
sz002532,天山铝业,2025-10-23 14:18:36,12.78,66900,12.78,U
sz002532,天山铝业,2025-10-23 14:18:45,12.79,63800,12.78,U
sz002532,天山铝业,2025-10-23 14:19:06,12.8,15700,12.79,U
sz002532,天山铝业,2025-10-23 14:19:09,12.8,17100,12.8,U
sz002532,天山铝业,2025-10-23 14:19:18,12.79,19300,12.8,D
sz002532,天山铝业,2025-10-23 14:19:39,12.8,16200,12.8,U
sz002532,天山铝业,2025-10-23 14:19:42,12.79,33500,12.8,D
sz002532,天山铝业,2025-10-23 14:19:57,12.81,100100,12.79,U
sz002532,天山铝业,2025-10-23 14:20:06,12.79,207000,12.79,D
sz002532,天山铝业,2025-10-23 14:20:12,12.8,20100,12.79,U
sz002532,天山铝业,2025-10-23 14:20:15,12.81,40992,12.8,U
sz002532,天山铝业,2025-10-23 14:20:54,12.8,46300,12.81,D
sz002532,天山铝业,2025-10-23 14:21:00,12.81,46000,12.81,U
sz002532,天山铝业,2025-10-23 14:21:15,12.81,15900,12.8,U
sz002532,天山铝业,2025-10-23 14:21:24,12.83,97200,12.81,U
sz002532,天山铝业,2025-10-23 14:22:12,12.81,22900,12.8,U
sz002532,天山铝业,2025-10-23 14:23:00,12.79,21800,12.8,D
sz002532,天山铝业,2025-10-23 14:23:09,12.8,38500,12.78,U
sz002532,天山铝业,2025-10-23 14:23:21,12.78,60200,12.79,D
sz002532,天山铝业,2025-10-23 14:23:39,12.8,44900,12.79,U
sz002532,天山铝业,2025-10-23 14:23:48,12.8,16300,12.8,D
sz002532,天山铝业,2025-10-23 14:24:03,12.81,47600,12.78,U
sz002532,天山铝业,2025-10-23 14:24:06,12.79,50300,12.81,E
sz002532,天山铝业,2025-10-23 14:24:51,12.8,82500,12.79,U
sz002532,天山铝业,2025-10-23 14:25:30,12.81,15900,12.8,U
sz002532,天山铝业,2025-10-23 14:25:48,12.81,19900,12.8,U
sz002532,天山铝业,2025-10-23 14:25:51,12.8,143600,12.81,D
sz002532,天山铝业,2025-10-23 14:25:54,12.81,38100,12.8,E
sz002532,天山铝业,2025-10-23 14:25:57,12.8,20800,12.81,D
sz002532,天山铝业,2025-10-23 14:26:36,12.83,146800,12.81,U
sz002532,天山铝业,2025-10-23 14:26:39,12.82,18700,12.83,D
sz002532,天山铝业,2025-10-23 14:26:42,12.83,98744,12.82,U
sz002532,天山铝业,2025-10-23 14:26:45,12.83,32200,12.83,D
sz002532,天山铝业,2025-10-23 14:26:48,12.83,32100,12.83,D
sz002532,天山铝业,2025-10-23 14:26:54,12.84,27900,12.84,U
sz002532,天山铝业,2025-10-23 14:26:57,12.84,31200,12.84,U
sz002532,天山铝业,2025-10-23 14:27:00,12.85,23600,12.84,U
sz002532,天山铝业,2025-10-23 14:27:03,12.83,39700,12.85,D
sz002532,天山铝业,2025-10-23 14:27:06,12.85,207100,12.83,U
sz002532,天山铝业,2025-10-23 14:27:09,12.85,170400,12.85,U
sz002532,天山铝业,2025-10-23 14:27:12,12.85,18000,12.85,U
sz002532,天山铝业,2025-10-23 14:27:15,12.86,112300,12.85,U
sz002532,天山铝业,2025-10-23 14:27:42,12.86,22200,12.86,D
sz002532,天山铝业,2025-10-23 14:27:51,12.87,21800,12.87,U
sz002532,天山铝业,2025-10-23 14:27:54,12.88,181012,12.87,U
sz002532,天山铝业,2025-10-23 14:27:57,12.88,46200,12.88,U
sz002532,天山铝业,2025-10-23 14:28:00,12.88,38500,12.88,U
sz002532,天山铝业,2025-10-23 14:28:03,12.88,16700,12.88,U
sz002532,天山铝业,2025-10-23 14:28:06,12.88,23300,12.88,U
sz002532,天山铝业,2025-10-23 14:28:12,12.87,43600,12.87,D
sz002532,天山铝业,2025-10-23 14:28:21,12.88,18800,12.87,U
sz002532,天山铝业,2025-10-23 14:28:30,12.87,18300,12.87,D
sz002532,天山铝业,2025-10-23 14:28:33,12.88,24100,12.87,U
sz002532,天山铝业,2025-10-23 14:28:42,12.88,40160,12.88,U
sz002532,天山铝业,2025-10-23 14:28:48,12.88,24140,12.88,D
sz002532,天山铝业,2025-10-23 14:29:00,12.88,22900,12.88,D
sz002532,天山铝业,2025-10-23 14:29:03,12.89,58600,12.88,U
sz002532,天山铝业,2025-10-23 14:29:36,12.88,21500,12.87,U
sz002532,天山铝业,2025-10-23 14:29:39,12.88,29800,12.88,U
sz002532,天山铝业,2025-10-23 14:29:42,12.86,64828,12.88,D
sz002532,天山铝业,2025-10-23 14:29:54,12.87,25700,12.87,U
sz002532,天山铝业,2025-10-23 14:30:15,12.86,21900,12.87,D
sz002532,天山铝业,2025-10-23 14:30:18,12.86,22600,12.86,D
sz002532,天山铝业,2025-10-23 14:30:21,12.87,25900,12.86,U
sz002532,天山铝业,2025-10-23 14:30:24,12.88,53000,12.87,U
sz002532,天山铝业,2025-10-23 14:30:42,12.88,30000,12.86,U
sz002532,天山铝业,2025-10-23 14:30:45,12.88,22600,12.88,U
sz002532,天山铝业,2025-10-23 14:30:48,12.88,24900,12.88,U
sz002532,天山铝业,2025-10-23 14:31:00,12.89,169900,12.86,U
sz002532,天山铝业,2025-10-23 14:31:03,12.9,52800,12.89,U
sz002532,天山铝业,2025-10-23 14:31:06,12.89,34800,12.9,D
sz002532,天山铝业,2025-10-23 14:31:12,12.87,25800,12.89,D
sz002532,天山铝业,2025-10-23 14:31:18,12.86,17900,12.87,D
sz002532,天山铝业,2025-10-23 14:31:21,12.86,132300,12.86,D
sz002532,天山铝业,2025-10-23 14:31:24,12.85,339400,12.86,D
sz002532,天山铝业,2025-10-23 14:31:27,12.84,50900,12.85,D
sz002532,天山铝业,2025-10-23 14:32:06,12.82,18200,12.82,D
sz002532,天山铝业,2025-10-23 14:32:54,12.85,25300,12.85,U
sz002532,天山铝业,2025-10-23 14:33:12,12.86,33400,12.86,U
sz002532,天山铝业,2025-10-23 14:33:33,12.86,46500,12.87,D
sz002532,天山铝业,2025-10-23 14:34:33,12.85,57300,12.86,D
sz002532,天山铝业,2025-10-23 14:34:57,12.87,16200,12.86,U
sz002532,天山铝业,2025-10-23 14:35:36,12.86,25100,12.87,D
sz002532,天山铝业,2025-10-23 14:35:39,12.86,21100,12.86,U
sz002532,天山铝业,2025-10-23 14:35:42,12.86,25800,12.86,U
sz002532,天山铝业,2025-10-23 14:35:45,12.86,19100,12.86,U
sz002532,天山铝业,2025-10-23 14:35:48,12.85,16300,12.86,D
sz002532,天山铝业,2025-10-23 14:36:03,12.87,16500,12.87,U
sz002532,天山铝业,2025-10-23 14:36:42,12.87,16000,12.86,U
sz002532,天山铝业,2025-10-23 14:36:48,12.87,16300,12.86,U
sz002532,天山铝业,2025-10-23 14:36:51,12.86,25200,12.87,D
sz002532,天山铝业,2025-10-23 14:36:54,12.87,18100,12.86,U
sz002532,天山铝业,2025-10-23 14:37:12,12.87,16900,12.87,U
sz002532,天山铝业,2025-10-23 14:37:21,12.87,16300,12.87,U
sz002532,天山铝业,2025-10-23 14:37:30,12.86,26200,12.86,D
sz002532,天山铝业,2025-10-23 14:38:09,12.86,31200,12.85,U
sz002532,天山铝业,2025-10-23 14:38:21,12.86,30000,12.85,U
sz002532,天山铝业,2025-10-23 14:38:27,12.87,21300,12.86,U
sz002532,天山铝业,2025-10-23 14:38:33,12.88,20900,12.87,U
sz002532,天山铝业,2025-10-23 14:38:42,12.88,17600,12.88,U
sz002532,天山铝业,2025-10-23 14:39:00,12.87,25600,12.87,D
sz002532,天山铝业,2025-10-23 14:39:18,12.86,15800,12.86,D
sz002532,天山铝业,2025-10-23 14:39:36,12.86,16700,12.86,U
sz002532,天山铝业,2025-10-23 14:40:06,12.85,24300,12.86,D
sz002532,天山铝业,2025-10-23 14:40:15,12.84,40200,12.85,D
sz002532,天山铝业,2025-10-23 14:40:18,12.87,70300,12.84,U
sz002532,天山铝业,2025-10-23 14:40:21,12.87,18400,12.87,U
sz002532,天山铝业,2025-10-23 14:40:24,12.86,18700,12.87,D
sz002532,天山铝业,2025-10-23 14:40:27,12.85,19400,12.86,D
sz002532,天山铝业,2025-10-23 14:40:30,12.88,16600,12.85,U
sz002532,天山铝业,2025-10-23 14:40:45,12.88,34500,12.87,U
sz002532,天山铝业,2025-10-23 14:40:48,12.88,78300,12.88,D
sz002532,天山铝业,2025-10-23 14:40:51,12.88,118600,12.88,D
sz002532,天山铝业,2025-10-23 14:40:57,12.9,17100,12.9,U
sz002532,天山铝业,2025-10-23 14:41:03,12.9,134300,12.89,U
sz002532,天山铝业,2025-10-23 14:41:06,12.89,84900,12.9,D
sz002532,天山铝业,2025-10-23 14:41:09,12.88,19200,12.89,D
sz002532,天山铝业,2025-10-23 14:41:12,12.87,161600,12.88,D
sz002532,天山铝业,2025-10-23 14:41:21,12.89,19200,12.88,U
sz002532,天山铝业,2025-10-23 14:41:39,12.91,160200,12.89,U
sz002532,天山铝业,2025-10-23 14:41:48,12.92,17400,12.91,U
sz002532,天山铝业,2025-10-23 14:41:51,12.92,21400,12.92,U
sz002532,天山铝业,2025-10-23 14:41:57,12.92,66500,12.92,U
sz002532,天山铝业,2025-10-23 14:42:00,12.91,25100,12.92,D
sz002532,天山铝业,2025-10-23 14:42:06,12.89,36100,12.91,D
sz002532,天山铝业,2025-10-23 14:42:15,12.9,29100,12.89,U
sz002532,天山铝业,2025-10-23 14:42:21,12.89,30800,12.89,D
sz002532,天山铝业,2025-10-23 14:42:24,12.91,32800,12.89,U
sz002532,天山铝业,2025-10-23 14:42:30,12.9,24600,12.9,D
sz002532,天山铝业,2025-10-23 14:42:51,12.92,68200,12.91,U
sz002532,天山铝业,2025-10-23 14:42:54,12.92,74000,12.92,D
sz002532,天山铝业,2025-10-23 14:43:00,12.92,17200,12.92,E
sz002532,天山铝业,2025-10-23 14:43:03,12.91,48500,12.92,D
sz002532,天山铝业,2025-10-23 14:43:06,12.92,53200,12.91,U
sz002532,天山铝业,2025-10-23 14:43:09,12.91,87900,12.92,U
sz002532,天山铝业,2025-10-23 14:43:12,12.91,33800,12.91,U
sz002532,天山铝业,2025-10-23 14:43:27,12.9,20800,12.89,U
sz002532,天山铝业,2025-10-23 14:43:30,12.9,29900,12.9,D
sz002532,天山铝业,2025-10-23 14:43:33,12.92,65700,12.9,U
sz002532,天山铝业,2025-10-23 14:43:36,12.9,53200,12.92,D
sz002532,天山铝业,2025-10-23 14:43:39,12.92,20100,12.9,U
sz002532,天山铝业,2025-10-23 14:43:45,12.89,63800,12.91,D
sz002532,天山铝业,2025-10-23 14:43:54,12.9,86700,12.89,U
sz002532,天山铝业,2025-10-23 14:44:03,12.91,16000,12.89,U
sz002532,天山铝业,2025-10-23 14:44:06,12.9,30600,12.91,D
sz002532,天山铝业,2025-10-23 14:44:12,12.9,47600,12.91,D
sz002532,天山铝业,2025-10-23 14:44:15,12.91,17300,12.9,U
sz002532,天山铝业,2025-10-23 14:44:21,12.92,39400,12.91,U
sz002532,天山铝业,2025-10-23 14:44:33,12.91,23700,12.9,U
sz002532,天山铝业,2025-10-23 14:44:39,12.93,21000,12.91,U
sz002532,天山铝业,2025-10-23 14:44:45,12.92,25500,12.92,D
sz002532,天山铝业,2025-10-23 14:44:57,12.94,18200,12.93,U
sz002532,天山铝业,2025-10-23 14:45:00,12.94,19700,12.94,U
sz002532,天山铝业,2025-10-23 14:45:03,12.93,21000,12.94,D
sz002532,天山铝业,2025-10-23 14:45:06,12.93,38400,12.93,D
sz002532,天山铝业,2025-10-23 14:45:09,12.92,38800,12.93,D
sz002532,天山铝业,2025-10-23 14:45:15,12.91,23500,12.93,D
sz002532,天山铝业,2025-10-23 14:45:18,12.92,53100,12.91,D
sz002532,天山铝业,2025-10-23 14:45:24,12.92,19000,12.92,U
sz002532,天山铝业,2025-10-23 14:45:27,12.91,20400,12.92,D
sz002532,天山铝业,2025-10-23 14:45:33,12.91,95200,12.91,D
sz002532,天山铝业,2025-10-23 14:45:51,12.91,40500,12.92,D
sz002532,天山铝业,2025-10-23 14:45:54,12.91,28700,12.91,D
sz002532,天山铝业,2025-10-23 14:46:06,12.91,44900,12.91,D
sz002532,天山铝业,2025-10-23 14:46:09,12.93,81200,12.91,U
sz002532,天山铝业,2025-10-23 14:46:12,12.91,17100,12.93,D
sz002532,天山铝业,2025-10-23 14:46:30,12.92,16900,12.92,D
sz002532,天山铝业,2025-10-23 14:46:51,12.92,21500,12.93,D
sz002532,天山铝业,2025-10-23 14:46:57,12.93,20500,12.92,U
sz002532,天山铝业,2025-10-23 14:47:06,12.92,17500,12.91,U
sz002532,天山铝业,2025-10-23 14:47:15,12.91,41400,12.91,D
sz002532,天山铝业,2025-10-23 14:47:36,12.9,17500,12.9,U
sz002532,天山铝业,2025-10-23 14:47:51,12.88,23400,12.89,D
sz002532,天山铝业,2025-10-23 14:47:57,12.89,49400,12.89,D
sz002532,天山铝业,2025-10-23 14:48:03,12.89,15600,12.88,U
sz002532,天山铝业,2025-10-23 14:48:12,12.89,22700,12.89,U
sz002532,天山铝业,2025-10-23 14:48:21,12.91,41700,12.9,U
sz002532,天山铝业,2025-10-23 14:48:27,12.9,30700,12.91,D
sz002532,天山铝业,2025-10-23 14:48:36,12.9,19900,12.9,U
sz002532,天山铝业,2025-10-23 14:48:51,12.9,29000,12.91,D
sz002532,天山铝业,2025-10-23 14:49:06,12.9,56100,12.9,D
sz002532,天山铝业,2025-10-23 14:49:18,12.9,51500,12.9,U
sz002532,天山铝业,2025-10-23 14:49:54,12.9,43000,12.9,U
sz002532,天山铝业,2025-10-23 14:49:57,12.9,35500,12.9,U
sz002532,天山铝业,2025-10-23 14:50:00,12.89,55800,12.9,D
sz002532,天山铝业,2025-10-23 14:50:03,12.9,49200,12.89,E
sz002532,天山铝业,2025-10-23 14:50:18,12.91,15500,12.91,U
sz002532,天山铝业,2025-10-23 14:50:21,12.91,25700,12.91,U
sz002532,天山铝业,2025-10-23 14:50:24,12.92,72000,12.91,U
sz002532,天山铝业,2025-10-23 14:50:30,12.92,41100,12.92,U
sz002532,天山铝业,2025-10-23 14:50:36,12.91,29200,12.92,D
sz002532,天山铝业,2025-10-23 14:50:54,12.91,16100,12.92,D
sz002532,天山铝业,2025-10-23 14:51:00,12.9,42000,12.92,D
sz002532,天山铝业,2025-10-23 14:51:06,12.91,48400,12.91,U
sz002532,天山铝业,2025-10-23 14:51:12,12.91,20800,12.9,U
sz002532,天山铝业,2025-10-23 14:51:18,12.91,21633,12.91,U
sz002532,天山铝业,2025-10-23 14:51:42,12.91,47500,12.91,U
sz002532,天山铝业,2025-10-23 14:51:45,12.92,41500,12.91,U
sz002532,天山铝业,2025-10-23 14:51:54,12.92,31500,12.92,U
sz002532,天山铝业,2025-10-23 14:52:06,12.92,16800,12.93,D
sz002532,天山铝业,2025-10-23 14:52:21,12.92,19700,12.92,U
sz002532,天山铝业,2025-10-23 14:52:30,12.91,41800,12.92,D
sz002532,天山铝业,2025-10-23 14:52:36,12.92,61400,12.91,U
sz002532,天山铝业,2025-10-23 14:52:45,12.92,26100,12.92,D
sz002532,天山铝业,2025-10-23 14:52:54,12.92,22400,12.91,U
sz002532,天山铝业,2025-10-23 14:53:06,12.92,47600,12.92,U
sz002532,天山铝业,2025-10-23 14:53:15,12.92,30300,12.92,D
sz002532,天山铝业,2025-10-23 14:53:21,12.92,16800,12.92,D
sz002532,天山铝业,2025-10-23 14:53:30,12.93,18600,12.93,U
sz002532,天山铝业,2025-10-23 14:53:48,12.92,34000,12.92,U
sz002532,天山铝业,2025-10-23 14:54:06,12.92,29300,12.92,D
sz002532,天山铝业,2025-10-23 14:54:12,12.92,41700,12.92,D
sz002532,天山铝业,2025-10-23 14:54:15,12.93,36200,12.92,U
sz002532,天山铝业,2025-10-23 14:54:21,12.92,32000,12.93,D
sz002532,天山铝业,2025-10-23 14:54:24,12.93,136400,12.92,U
sz002532,天山铝业,2025-10-23 14:54:30,12.95,212700,12.93,U
sz002532,天山铝业,2025-10-23 14:54:42,12.94,21500,12.95,D
sz002532,天山铝业,2025-10-23 14:54:48,12.94,15700,12.94,U
sz002532,天山铝业,2025-10-23 14:54:51,12.94,18700,12.94,U
sz002532,天山铝业,2025-10-23 14:54:54,12.94,25900,12.94,U
sz002532,天山铝业,2025-10-23 14:55:00,12.94,80800,12.94,U
sz002532,天山铝业,2025-10-23 14:55:03,12.94,24100,12.94,D
sz002532,天山铝业,2025-10-23 14:55:06,12.93,57100,12.94,D
sz002532,天山铝业,2025-10-23 14:55:09,12.94,53100,12.93,U
sz002532,天山铝业,2025-10-23 14:55:12,12.94,94000,12.94,D
sz002532,天山铝业,2025-10-23 14:55:15,12.94,19900,12.94,U
sz002532,天山铝业,2025-10-23 14:55:21,12.93,104400,12.94,D
sz002532,天山铝业,2025-10-23 14:55:24,12.94,25900,12.93,U
sz002532,天山铝业,2025-10-23 14:55:27,12.93,26100,12.94,D
sz002532,天山铝业,2025-10-23 14:55:45,12.94,38300,12.93,U
sz002532,天山铝业,2025-10-23 14:55:48,12.94,25500,12.94,U
sz002532,天山铝业,2025-10-23 14:55:51,12.94,17600,12.94,U
sz002532,天山铝业,2025-10-23 14:55:54,12.93,30500,12.94,D
sz002532,天山铝业,2025-10-23 14:56:06,12.93,28000,12.93,U
sz002532,天山铝业,2025-10-23 14:56:18,12.92,56700,12.92,D
sz002532,天山铝业,2025-10-23 14:56:24,12.92,20000,12.92,U
sz002532,天山铝业,2025-10-23 14:56:30,12.91,26100,12.92,D
sz002532,天山铝业,2025-10-23 14:56:36,12.92,60600,12.91,D
sz002532,天山铝业,2025-10-23 14:56:39,12.89,20867,12.92,D
sz002532,天山铝业,2025-10-23 14:56:42,12.91,43800,12.89,E
sz002532,天山铝业,2025-10-23 14:56:45,12.91,34400,12.91,U
sz002532,天山铝业,2025-10-23 14:56:51,12.92,16600,12.91,U
sz002532,天山铝业,2025-10-23 14:56:54,12.91,34200,12.92,D
sz002532,天山铝业,2025-10-23 14:56:57,12.87,30900,12.91,D
sz002532,天山铝业,2025-10-23 15:00:00,12.94,519000,12.9,U
