symbol,name,ticktime,price,volume,prev_price,kind
sz002532,天山铝业,2025-10-20 09:25:00,11.76,254700,0.0,U
sz002532,天山铝业,2025-10-20 09:30:00,11.79,94100,11.76,E
sz002532,天山铝业,2025-10-20 09:30:03,11.79,292200,11.79,U
sz002532,天山铝业,2025-10-20 09:30:06,11.81,159500,11.79,U
sz002532,天山铝业,2025-10-20 09:30:09,11.79,69100,11.81,D
sz002532,天山铝业,2025-10-20 09:30:12,11.78,52100,11.79,D
sz002532,天山铝业,2025-10-20 09:30:15,11.76,105500,11.78,D
sz002532,天山铝业,2025-10-20 09:30:18,11.76,103800,11.76,D
sz002532,天山铝业,2025-10-20 09:30:21,11.75,175900,11.76,D
sz002532,天山铝业,2025-10-20 09:30:24,11.73,51300,11.75,D
sz002532,天山铝业,2025-10-20 09:30:27,11.73,105100,11.73,D
sz002532,天山铝业,2025-10-20 09:30:30,11.72,74800,11.73,D
sz002532,天山铝业,2025-10-20 09:30:33,11.75,45600,11.72,U
sz002532,天山铝业,2025-10-20 09:30:36,11.77,190824,11.75,U
sz002532,天山铝业,2025-10-20 09:30:39,11.79,240600,11.77,U
sz002532,天山铝业,2025-10-20 09:30:42,11.78,41900,11.79,D
sz002532,天山铝业,2025-10-20 09:30:48,11.82,23100,11.79,U
sz002532,天山铝业,2025-10-20 09:30:51,11.83,28900,11.82,E
sz002532,天山铝业,2025-10-20 09:30:54,11.85,25700,11.83,E
sz002532,天山铝业,2025-10-20 09:30:57,11.83,133100,11.85,D
sz002532,天山铝业,2025-10-20 09:31:03,11.86,36700,11.84,U
sz002532,天山铝业,2025-10-20 09:31:06,11.83,25700,11.86,D
sz002532,天山铝业,2025-10-20 09:31:12,11.8,46100,11.8,D
sz002532,天山铝业,2025-10-20 09:31:18,11.81,66200,11.79,U
sz002532,天山铝业,2025-10-20 09:31:21,11.83,23900,11.81,U
sz002532,天山铝业,2025-10-20 09:31:24,11.85,26700,11.83,U
sz002532,天山铝业,2025-10-20 09:31:33,11.85,22600,11.83,U
sz002532,天山铝业,2025-10-20 09:31:42,11.82,54900,11.83,D
sz002532,天山铝业,2025-10-20 09:31:48,11.82,17600,11.82,D
sz002532,天山铝业,2025-10-20 09:31:54,11.81,25400,11.8,U
sz002532,天山铝业,2025-10-20 09:31:57,11.8,19000,11.81,E
sz002532,天山铝业,2025-10-20 09:32:00,11.82,160500,11.8,U
sz002532,天山铝业,2025-10-20 09:32:03,11.82,22700,11.82,D
sz002532,天山铝业,2025-10-20 09:32:06,11.85,106500,11.82,U
sz002532,天山铝业,2025-10-20 09:32:21,11.84,49100,11.84,E
sz002532,天山铝业,2025-10-20 09:32:24,11.83,17100,11.84,U
sz002532,天山铝业,2025-10-20 09:32:33,11.81,20400,11.83,D
sz002532,天山铝业,2025-10-20 09:32:48,11.8,23600,11.8,D
sz002532,天山铝业,2025-10-20 09:32:51,11.8,21000,11.8,U
sz002532,天山铝业,2025-10-20 09:33:03,11.81,137800,11.78,U
sz002532,天山铝业,2025-10-20 09:33:06,11.82,21100,11.81,U
sz002532,天山铝业,2025-10-20 09:33:27,11.82,27600,11.82,U
sz002532,天山铝业,2025-10-20 09:33:39,11.81,20700,11.81,U
sz002532,天山铝业,2025-10-20 09:33:48,11.8,28600,11.8,U
sz002532,天山铝业,2025-10-20 09:33:57,11.82,77900,11.8,U
sz002532,天山铝业,2025-10-20 09:34:03,11.81,39300,11.8,E
sz002532,天山铝业,2025-10-20 09:34:06,11.81,23000,11.81,D
sz002532,天山铝业,2025-10-20 09:34:09,11.82,62300,11.81,E
sz002532,天山铝业,2025-10-20 09:34:12,11.79,141500,11.82,D
sz002532,天山铝业,2025-10-20 09:34:15,11.77,189900,11.79,D
sz002532,天山铝业,2025-10-20 09:34:18,11.8,29200,11.77,U
sz002532,天山铝业,2025-10-20 09:34:21,11.8,53400,11.8,D
sz002532,天山铝业,2025-10-20 09:34:24,11.81,31200,11.8,U
sz002532,天山铝业,2025-10-20 09:34:27,11.77,25800,11.81,D
sz002532,天山铝业,2025-10-20 09:34:30,11.81,123400,11.77,U
sz002532,天山铝业,2025-10-20 09:34:36,11.81,18200,11.8,U
sz002532,天山铝业,2025-10-20 09:34:39,11.81,26800,11.81,D
sz002532,天山铝业,2025-10-20 09:34:48,11.8,17000,11.8,U
sz002532,天山铝业,2025-10-20 09:34:51,11.78,27600,11.8,D
sz002532,天山铝业,2025-10-20 09:34:54,11.79,48700,11.78,E
sz002532,天山铝业,2025-10-20 09:34:57,11.8,20600,11.79,U
sz002532,天山铝业,2025-10-20 09:35:12,11.78,38300,11.78,D
sz002532,天山铝业,2025-10-20 09:35:18,11.78,39800,11.77,U
sz002532,天山铝业,2025-10-20 09:35:24,11.77,34500,11.77,D
sz002532,天山铝业,2025-10-20 09:35:27,11.77,40400,11.77,D
sz002532,天山铝业,2025-10-20 09:35:30,11.79,96000,11.77,U
sz002532,天山铝业,2025-10-20 09:35:33,11.8,77200,11.79,U
sz002532,天山铝业,2025-10-20 09:35:36,11.8,80400,11.8,D
sz002532,天山铝业,2025-10-20 09:35:54,11.8,22500,11.8,D
sz002532,天山铝业,2025-10-20 09:36:03,11.8,28400,11.81,D
sz002532,天山铝业,2025-10-20 09:36:06,11.8,38700,11.8,U
sz002532,天山铝业,2025-10-20 09:36:09,11.81,17500,11.8,E
sz002532,天山铝业,2025-10-20 09:36:21,11.78,23900,11.79,D
sz002532,天山铝业,2025-10-20 09:36:24,11.8,47300,11.78,U
sz002532,天山铝业,2025-10-20 09:36:27,11.82,37200,11.8,U
sz002532,天山铝业,2025-10-20 09:36:39,11.82,19000,11.82,E
sz002532,天山铝业,2025-10-20 09:36:57,11.8,17800,11.81,D
sz002532,天山铝业,2025-10-20 09:37:06,11.82,30100,11.81,U
sz002532,天山铝业,2025-10-20 09:37:12,11.85,30500,11.82,U
sz002532,天山铝业,2025-10-20 09:37:24,11.87,41500,11.87,U
sz002532,天山铝业,2025-10-20 09:37:27,11.87,59500,11.87,U
sz002532,天山铝业,2025-10-20 09:37:30,11.88,45000,11.87,U
sz002532,天山铝业,2025-10-20 09:37:48,11.87,38800,11.88,D
sz002532,天山铝业,2025-10-20 09:37:51,11.87,66000,11.87,U
sz002532,天山铝业,2025-10-20 09:37:54,11.86,40800,11.87,D
sz002532,天山铝业,2025-10-20 09:38:03,11.86,36300,11.86,U
sz002532,天山铝业,2025-10-20 09:38:06,11.85,27200,11.86,D
sz002532,天山铝业,2025-10-20 09:38:09,11.85,34900,11.85,U
sz002532,天山铝业,2025-10-20 09:38:12,11.83,17400,11.85,D
sz002532,天山铝业,2025-10-20 09:38:21,11.82,27500,11.82,U
sz002532,天山铝业,2025-10-20 09:38:39,11.84,25400,11.85,D
sz002532,天山铝业,2025-10-20 09:39:03,11.82,49100,11.83,D
sz002532,天山铝业,2025-10-20 09:39:06,11.82,23400,11.82,U
sz002532,天山铝业,2025-10-20 09:39:36,11.81,23000,11.82,D
sz002532,天山铝业,2025-10-20 09:39:42,11.82,126700,11.81,U
sz002532,天山铝业,2025-10-20 09:40:00,11.83,18400,11.84,D
sz002532,天山铝业,2025-10-20 09:40:15,11.78,34300,11.82,D
sz002532,天山铝业,2025-10-20 09:40:18,11.79,22200,11.78,U
sz002532,天山铝业,2025-10-20 09:40:36,11.78,19500,11.78,D
sz002532,天山铝业,2025-10-20 09:40:42,11.77,37900,11.78,D
sz002532,天山铝业,2025-10-20 09:40:54,11.79,44600,11.79,D
sz002532,天山铝业,2025-10-20 09:41:03,11.76,55200,11.76,D
sz002532,天山铝业,2025-10-20 09:41:09,11.75,26700,11.75,D
sz002532,天山铝业,2025-10-20 09:41:18,11.76,39000,11.76,D
sz002532,天山铝业,2025-10-20 09:41:27,11.76,17700,11.75,U
sz002532,天山铝业,2025-10-20 09:41:33,11.76,26000,11.75,E
sz002532,天山铝业,2025-10-20 09:42:00,11.76,20800,11.76,D
sz002532,天山铝业,2025-10-20 09:42:12,11.76,58800,11.76,D
sz002532,天山铝业,2025-10-20 09:42:15,11.75,62700,11.76,D
sz002532,天山铝业,2025-10-20 09:42:18,11.76,88500,11.75,U
sz002532,天山铝业,2025-10-20 09:42:27,11.75,29900,11.75,D
sz002532,天山铝业,2025-10-20 09:42:30,11.73,38900,11.75,D
sz002532,天山铝业,2025-10-20 09:42:33,11.73,22600,11.73,D
sz002532,天山铝业,2025-10-20 09:42:42,11.73,72200,11.74,D
sz002532,天山铝业,2025-10-20 09:42:45,11.73,46500,11.73,U
sz002532,天山铝业,2025-10-20 09:42:51,11.73,32300,11.72,U
sz002532,天山铝业,2025-10-20 09:42:54,11.72,28300,11.73,D
sz002532,天山铝业,2025-10-20 09:42:57,11.73,18400,11.72,U
sz002532,天山铝业,2025-10-20 09:43:00,11.72,116300,11.73,D
sz002532,天山铝业,2025-10-20 09:43:03,11.71,230000,11.72,D
sz002532,天山铝业,2025-10-20 09:43:06,11.7,98100,11.71,D
sz002532,天山铝业,2025-10-20 09:43:09,11.69,43300,11.7,D
sz002532,天山铝业,2025-10-20 09:43:12,11.68,161100,11.69,D
sz002532,天山铝业,2025-10-20 09:43:15,11.68,78200,11.68,D
sz002532,天山铝业,2025-10-20 09:43:18,11.67,37000,11.68,D
sz002532,天山铝业,2025-10-20 09:43:24,11.67,24300,11.67,D
sz002532,天山铝业,2025-10-20 09:43:33,11.66,66300,11.66,D
sz002532,天山铝业,2025-10-20 09:43:36,11.66,50400,11.66,D
sz002532,天山铝业,2025-10-20 09:43:39,11.66,39300,11.66,D
sz002532,天山铝业,2025-10-20 09:43:42,11.65,223100,11.66,D
sz002532,天山铝业,2025-10-20 09:43:45,11.65,23000,11.65,D
sz002532,天山铝业,2025-10-20 09:43:48,11.68,19000,11.65,U
sz002532,天山铝业,2025-10-20 09:43:51,11.66,32500,11.68,D
sz002532,天山铝业,2025-10-20 09:43:57,11.67,30200,11.66,U
sz002532,天山铝业,2025-10-20 09:44:06,11.68,81400,11.67,U
sz002532,天山铝业,2025-10-20 09:44:09,11.65,64800,11.68,D
sz002532,天山铝业,2025-10-20 09:44:12,11.66,46700,11.65,E
sz002532,天山铝业,2025-10-20 09:44:18,11.69,54200,11.67,U
sz002532,天山铝业,2025-10-20 09:44:30,11.67,51400,11.67,D
sz002532,天山铝业,2025-10-20 09:44:36,11.66,48000,11.67,D
sz002532,天山铝业,2025-10-20 09:44:39,11.66,89900,11.66,U
sz002532,天山铝业,2025-10-20 09:44:45,11.68,46100,11.66,U
sz002532,天山铝业,2025-10-20 09:44:48,11.66,66900,11.68,D
sz002532,天山铝业,2025-10-20 09:45:00,11.69,40100,11.69,U
sz002532,天山铝业,2025-10-20 09:45:03,11.71,40900,11.69,U
sz002532,天山铝业,2025-10-20 09:45:06,11.7,28100,11.71,D
sz002532,天山铝业,2025-10-20 09:45:15,11.72,26900,11.71,U
sz002532,天山铝业,2025-10-20 09:45:21,11.73,28500,11.72,U
sz002532,天山铝业,2025-10-20 09:45:33,11.72,46700,11.72,D
sz002532,天山铝业,2025-10-20 09:45:42,11.69,17900,11.7,D
sz002532,天山铝业,2025-10-20 09:45:57,11.7,27800,11.69,U
sz002532,天山铝业,2025-10-20 09:46:03,11.69,70700,11.69,D
sz002532,天山铝业,2025-10-20 09:46:09,11.73,39300,11.7,U
sz002532,天山铝业,2025-10-20 09:46:36,11.74,151900,11.73,U
sz002532,天山铝业,2025-10-20 09:46:48,11.76,33000,11.75,U
sz002532,天山铝业,2025-10-20 09:47:06,11.77,22900,11.75,U
sz002532,天山铝业,2025-10-20 09:47:12,11.76,61300,11.77,D
sz002532,天山铝业,2025-10-20 09:47:15,11.76,25500,11.76,D
sz002532,天山铝业,2025-10-20 09:47:30,11.74,25100,11.76,D
sz002532,天山铝业,2025-10-20 09:47:36,11.75,46000,11.74,E
sz002532,天山铝业,2025-10-20 09:47:45,11.75,31300,11.75,D
sz002532,天山铝业,2025-10-20 09:47:54,11.74,60900,11.76,D
sz002532,天山铝业,2025-10-20 09:48:09,11.78,87700,11.77,U
sz002532,天山铝业,2025-10-20 09:48:36,11.8,30300,11.78,U
sz002532,天山铝业,2025-10-20 09:48:45,11.8,27600,11.79,U
sz002532,天山铝业,2025-10-20 09:48:51,11.79,41600,11.79,D
sz002532,天山铝业,2025-10-20 09:49:24,11.8,29200,11.82,D
sz002532,天山铝业,2025-10-20 09:49:30,11.81,48600,11.81,U
sz002532,天山铝业,2025-10-20 09:49:42,11.81,19900,11.81,D
sz002532,天山铝业,2025-10-20 09:49:45,11.81,79600,11.81,D
sz002532,天山铝业,2025-10-20 09:49:51,11.8,21800,11.8,D
sz002532,天山铝业,2025-10-20 09:50:24,11.78,38300,11.79,D
sz002532,天山铝业,2025-10-20 09:50:36,11.76,156200,11.78,D
sz002532,天山铝业,2025-10-20 09:50:39,11.78,23500,11.76,U
sz002532,天山铝业,2025-10-20 09:50:54,11.77,57600,11.78,D
sz002532,天山铝业,2025-10-20 09:51:09,11.78,35300,11.8,D
sz002532,天山铝业,2025-10-20 09:51:33,11.82,24000,11.8,U
sz002532,天山铝业,2025-10-20 09:51:39,11.83,27600,11.82,U
sz002532,天山铝业,2025-10-20 09:51:54,11.81,63300,11.83,D
sz002532,天山铝业,2025-10-20 09:52:15,11.79,49400,11.79,D
sz002532,天山铝业,2025-10-20 09:52:24,11.79,38300,11.79,U
sz002532,天山铝业,2025-10-20 09:52:57,11.8,22500,11.79,U
sz002532,天山铝业,2025-10-20 09:53:27,11.81,27800,11.81,D
sz002532,天山铝业,2025-10-20 09:53:33,11.82,59100,11.82,U
sz002532,天山铝业,2025-10-20 09:53:45,11.79,29600,11.81,D
sz002532,天山铝业,2025-10-20 09:53:48,11.79,77400,11.79,U
sz002532,天山铝业,2025-10-20 09:53:51,11.79,28300,11.79,U
sz002532,天山铝业,2025-10-20 09:53:54,11.78,57400,11.79,D
sz002532,天山铝业,2025-10-20 09:54:12,11.77,32100,11.77,D
sz002532,天山铝业,2025-10-20 09:54:15,11.77,56500,11.77,U
sz002532,天山铝业,2025-10-20 09:54:39,11.78,120500,11.79,D
sz002532,天山铝业,2025-10-20 09:54:42,11.79,36300,11.78,U
sz002532,天山铝业,2025-10-20 09:55:21,11.79,72100,11.81,D
sz002532,天山铝业,2025-10-20 09:55:24,11.79,137500,11.79,D
sz002532,天山铝业,2025-10-20 09:55:27,11.8,34600,11.79,U
sz002532,天山铝业,2025-10-20 09:55:30,11.8,310100,11.8,U
sz002532,天山铝业,2025-10-20 09:55:33,11.81,21100,11.8,U
sz002532,天山铝业,2025-10-20 09:55:39,11.81,25800,11.79,U
sz002532,天山铝业,2025-10-20 09:55:42,11.8,29300,11.81,E
sz002532,天山铝业,2025-10-20 09:56:03,11.79,42900,11.8,D
sz002532,天山铝业,2025-10-20 09:56:09,11.77,17100,11.79,D
sz002532,天山铝业,2025-10-20 09:56:39,11.79,18900,11.79,D
sz002532,天山铝业,2025-10-20 09:56:54,11.8,65900,11.79,U
sz002532,天山铝业,2025-10-20 09:57:18,11.82,73300,11.81,U
sz002532,天山铝业,2025-10-20 09:57:24,11.83,59700,11.82,U
sz002532,天山铝业,2025-10-20 09:57:57,11.8,25200,11.8,D
sz002532,天山铝业,2025-10-20 09:58:00,11.82,77200,11.8,U
sz002532,天山铝业,2025-10-20 09:58:03,11.83,28900,11.82,U
sz002532,天山铝业,2025-10-20 09:58:15,11.84,72800,11.84,U
sz002532,天山铝业,2025-10-20 09:58:18,11.84,20200,11.84,D
sz002532,天山铝业,2025-10-20 09:58:24,11.84,73400,11.84,D
sz002532,天山铝业,2025-10-20 09:58:27,11.85,91000,11.84,U
sz002532,天山铝业,2025-10-20 09:58:30,11.84,17600,11.85,U
sz002532,天山铝业,2025-10-20 09:58:39,11.84,28200,11.82,U
sz002532,天山铝业,2025-10-20 09:58:45,11.83,55200,11.85,D
sz002532,天山铝业,2025-10-20 09:59:03,11.83,28600,11.83,D
sz002532,天山铝业,2025-10-20 09:59:18,11.85,53600,11.84,U
sz002532,天山铝业,2025-10-20 09:59:21,11.84,20400,11.85,D
sz002532,天山铝业,2025-10-20 09:59:24,11.84,25900,11.84,U
sz002532,天山铝业,2025-10-20 09:59:39,11.8,38200,11.83,D
sz002532,天山铝业,2025-10-20 09:59:42,11.81,33400,11.8,D
sz002532,天山铝业,2025-10-20 09:59:54,11.83,28400,11.82,U
sz002532,天山铝业,2025-10-20 10:00:00,11.84,72600,11.84,U
sz002532,天山铝业,2025-10-20 10:00:03,11.83,22500,11.84,E
sz002532,天山铝业,2025-10-20 10:00:12,11.83,39900,11.85,D
sz002532,天山铝业,2025-10-20 10:00:18,11.85,76100,11.84,U
sz002532,天山铝业,2025-10-20 10:00:21,11.85,22300,11.85,U
sz002532,天山铝业,2025-10-20 10:00:30,11.85,117700,11.84,U
sz002532,天山铝业,2025-10-20 10:00:33,11.85,25000,11.85,D
sz002532,天山铝业,2025-10-20 10:00:39,11.83,72400,11.85,D
sz002532,天山铝业,2025-10-20 10:00:42,11.83,20100,11.83,D
sz002532,天山铝业,2025-10-20 10:01:18,11.81,28600,11.82,D
sz002532,天山铝业,2025-10-20 10:01:21,11.84,73200,11.81,U
sz002532,天山铝业,2025-10-20 10:02:00,11.82,44800,11.8,U
sz002532,天山铝业,2025-10-20 10:02:06,11.82,20200,11.81,U
sz002532,天山铝业,2025-10-20 10:02:39,11.85,72400,11.84,U
sz002532,天山铝业,2025-10-20 10:03:21,11.85,60100,11.84,U
sz002532,天山铝业,2025-10-20 10:03:30,11.84,48000,11.83,U
sz002532,天山铝业,2025-10-20 10:03:48,11.84,35600,11.85,D
sz002532,天山铝业,2025-10-20 10:03:51,11.81,23300,11.84,D
sz002532,天山铝业,2025-10-20 10:04:12,11.8,57200,11.82,D
sz002532,天山铝业,2025-10-20 10:04:15,11.82,27100,11.8,E
sz002532,天山铝业,2025-10-20 10:04:27,11.81,20800,11.81,U
sz002532,天山铝业,2025-10-20 10:04:36,11.81,48300,11.82,E
sz002532,天山铝业,2025-10-20 10:04:48,11.79,193600,11.78,E
sz002532,天山铝业,2025-10-20 10:05:27,11.79,82700,11.78,U
sz002532,天山铝业,2025-10-20 10:05:33,11.79,23100,11.79,U
sz002532,天山铝业,2025-10-20 10:05:54,11.77,63800,11.76,U
sz002532,天山铝业,2025-10-20 10:06:09,11.79,68400,11.76,U
sz002532,天山铝业,2025-10-20 10:06:15,11.79,74900,11.78,U
sz002532,天山铝业,2025-10-20 10:06:18,11.78,24700,11.79,E
sz002532,天山铝业,2025-10-20 10:06:36,11.77,18800,11.78,D
sz002532,天山铝业,2025-10-20 10:07:00,11.78,66900,11.79,D
sz002532,天山铝业,2025-10-20 10:07:27,11.77,56200,11.78,D
sz002532,天山铝业,2025-10-20 10:07:30,11.75,87400,11.77,D
sz002532,天山铝业,2025-10-20 10:07:48,11.74,47200,11.75,D
sz002532,天山铝业,2025-10-20 10:07:51,11.74,21800,11.74,D
sz002532,天山铝业,2025-10-20 10:09:00,11.72,25900,11.71,U
sz002532,天山铝业,2025-10-20 10:09:15,11.72,22600,11.73,D
sz002532,天山铝业,2025-10-20 10:09:36,11.71,109300,11.7,E
sz002532,天山铝业,2025-10-20 10:10:36,11.72,45700,11.71,U
sz002532,天山铝业,2025-10-20 10:10:48,11.72,40500,11.72,D
sz002532,天山铝业,2025-10-20 10:11:00,11.71,53900,11.71,D
sz002532,天山铝业,2025-10-20 10:11:03,11.71,18100,11.71,D
sz002532,天山铝业,2025-10-20 10:12:09,11.71,22700,11.7,U
sz002532,天山铝业,2025-10-20 10:12:27,11.7,25900,11.7,D
sz002532,天山铝业,2025-10-20 10:12:36,11.7,17700,11.7,D
sz002532,天山铝业,2025-10-20 10:12:48,11.71,325300,11.69,U
sz002532,天山铝业,2025-10-20 10:12:54,11.71,28400,11.71,U
sz002532,天山铝业,2025-10-20 10:13:06,11.72,18400,11.7,U
sz002532,天山铝业,2025-10-20 10:13:12,11.71,33800,11.7,U
sz002532,天山铝业,2025-10-20 10:13:51,11.7,42300,11.7,D
sz002532,天山铝业,2025-10-20 10:14:51,11.7,23600,11.7,U
sz002532,天山铝业,2025-10-20 10:15:06,11.72,25000,11.75,D
sz002532,天山铝业,2025-10-20 10:15:48,11.73,122600,11.74,D
sz002532,天山铝业,2025-10-20 10:16:51,11.75,32300,11.75,D
sz002532,天山铝业,2025-10-20 10:16:57,11.74,37400,11.76,D
sz002532,天山铝业,2025-10-20 10:17:00,11.74,96800,11.74,U
sz002532,天山铝业,2025-10-20 10:17:03,11.76,23900,11.74,U
sz002532,天山铝业,2025-10-20 10:17:15,11.74,17800,11.74,D
sz002532,天山铝业,2025-10-20 10:19:18,11.74,30500,11.71,U
sz002532,天山铝业,2025-10-20 10:19:36,11.74,75200,11.74,U
sz002532,天山铝业,2025-10-20 10:19:57,11.73,19400,11.72,E
sz002532,天山铝业,2025-10-20 10:20:12,11.72,52500,11.72,D
sz002532,天山铝业,2025-10-20 10:20:24,11.71,17700,11.73,D
sz002532,天山铝业,2025-10-20 10:20:39,11.7,44600,11.7,D
sz002532,天山铝业,2025-10-20 10:21:00,11.7,27900,11.69,U
sz002532,天山铝业,2025-10-20 10:21:09,11.72,24600,11.71,U
sz002532,天山铝业,2025-10-20 10:22:48,11.71,23100,11.71,D
sz002532,天山铝业,2025-10-20 10:24:12,11.7,49300,11.7,D
sz002532,天山铝业,2025-10-20 10:24:15,11.69,25700,11.7,D
sz002532,天山铝业,2025-10-20 10:24:18,11.69,57400,11.69,D
sz002532,天山铝业,2025-10-20 10:24:21,11.7,66500,11.69,U
sz002532,天山铝业,2025-10-20 10:24:24,11.68,41700,11.7,D
sz002532,天山铝业,2025-10-20 10:25:27,11.69,17300,11.69,U
sz002532,天山铝业,2025-10-20 10:25:57,11.69,84900,11.68,U
sz002532,天山铝业,2025-10-20 10:26:21,11.68,165600,11.68,U
sz002532,天山铝业,2025-10-20 10:28:12,11.66,29400,11.67,D
sz002532,天山铝业,2025-10-20 10:28:30,11.66,21200,11.67,D
sz002532,天山铝业,2025-10-20 10:28:42,11.67,28400,11.67,U
sz002532,天山铝业,2025-10-20 10:28:45,11.66,21600,11.67,D
sz002532,天山铝业,2025-10-20 10:28:51,11.69,58400,11.66,U
sz002532,天山铝业,2025-10-20 10:28:54,11.67,35100,11.69,D
sz002532,天山铝业,2025-10-20 10:28:57,11.68,46900,11.67,E
sz002532,天山铝业,2025-10-20 10:29:06,11.69,27200,11.67,U
sz002532,天山铝业,2025-10-20 10:29:15,11.66,18400,11.71,D
sz002532,天山铝业,2025-10-20 10:29:18,11.71,22100,11.66,U
sz002532,天山铝业,2025-10-20 10:31:27,11.7,18800,11.69,U
sz002532,天山铝业,2025-10-20 10:32:33,11.71,23800,11.69,U
sz002532,天山铝业,2025-10-20 10:32:36,11.69,25900,11.71,D
sz002532,天山铝业,2025-10-20 10:34:27,11.76,31800,11.75,U
sz002532,天山铝业,2025-10-20 10:34:42,11.76,67600,11.76,U
sz002532,天山铝业,2025-10-20 10:35:18,11.78,71300,11.78,U
sz002532,天山铝业,2025-10-20 10:35:39,11.79,20800,11.77,U
sz002532,天山铝业,2025-10-20 10:35:42,11.79,121800,11.79,U
sz002532,天山铝业,2025-10-20 10:36:00,11.8,25100,11.8,U
sz002532,天山铝业,2025-10-20 10:36:30,11.83,115800,11.81,U
sz002532,天山铝业,2025-10-20 10:36:45,11.82,21700,11.82,D
sz002532,天山铝业,2025-10-20 10:36:51,11.83,29800,11.82,U
sz002532,天山铝业,2025-10-20 10:37:42,11.81,17400,11.81,D
sz002532,天山铝业,2025-10-20 10:38:24,11.81,23000,11.81,U
sz002532,天山铝业,2025-10-20 10:38:39,11.81,33200,11.81,E
sz002532,天山铝业,2025-10-20 10:38:42,11.83,24300,11.81,U
sz002532,天山铝业,2025-10-20 10:38:48,11.84,72000,11.83,U
sz002532,天山铝业,2025-10-20 10:39:30,11.82,37000,11.83,D
sz002532,天山铝业,2025-10-20 10:39:54,11.84,74400,11.83,U
sz002532,天山铝业,2025-10-20 10:40:15,11.84,62900,11.83,U
sz002532,天山铝业,2025-10-20 10:40:21,11.84,38000,11.85,D
sz002532,天山铝业,2025-10-20 10:40:24,11.84,18500,11.84,U
sz002532,天山铝业,2025-10-20 10:40:33,11.84,22700,11.84,D
sz002532,天山铝业,2025-10-20 10:42:03,11.83,45700,11.82,U
sz002532,天山铝业,2025-10-20 10:42:06,11.84,38300,11.83,U
sz002532,天山铝业,2025-10-20 10:42:09,11.85,26200,11.84,U
sz002532,天山铝业,2025-10-20 10:42:24,11.85,51500,11.85,U
sz002532,天山铝业,2025-10-20 10:43:33,11.85,42000,11.84,U
sz002532,天山铝业,2025-10-20 10:43:36,11.85,60900,11.85,U
sz002532,天山铝业,2025-10-20 10:43:39,11.87,103500,11.85,U
sz002532,天山铝业,2025-10-20 10:43:42,11.88,85100,11.87,U
sz002532,天山铝业,2025-10-20 10:43:45,11.89,51533,11.88,U
sz002532,天山铝业,2025-10-20 10:44:54,11.84,103500,11.85,D
sz002532,天山铝业,2025-10-20 10:45:57,11.87,48300,11.86,U
sz002532,天山铝业,2025-10-20 10:46:09,11.87,17300,11.87,U
sz002532,天山铝业,2025-10-20 10:46:12,11.86,23400,11.87,D
sz002532,天山铝业,2025-10-20 10:46:27,11.87,64200,11.86,U
sz002532,天山铝业,2025-10-20 10:47:03,11.87,19800,11.87,U
sz002532,天山铝业,2025-10-20 10:48:15,11.86,18000,11.85,U
sz002532,天山铝业,2025-10-20 10:48:42,11.83,27700,11.83,D
sz002532,天山铝业,2025-10-20 10:48:51,11.83,38500,11.84,D
sz002532,天山铝业,2025-10-20 10:51:03,11.83,147800,11.81,U
sz002532,天山铝业,2025-10-20 10:51:06,11.85,20000,11.83,U
sz002532,天山铝业,2025-10-20 10:53:00,11.81,19300,11.81,D
sz002532,天山铝业,2025-10-20 10:53:06,11.8,18800,11.81,D
sz002532,天山铝业,2025-10-20 10:53:09,11.79,28100,11.8,D
sz002532,天山铝业,2025-10-20 10:53:57,11.8,35900,11.8,D
sz002532,天山铝业,2025-10-20 10:54:54,11.81,28500,11.81,D
sz002532,天山铝业,2025-10-20 10:55:12,11.81,23100,11.82,D
sz002532,天山铝业,2025-10-20 10:55:21,11.8,21500,11.81,D
sz002532,天山铝业,2025-10-20 10:55:24,11.78,38600,11.8,D
sz002532,天山铝业,2025-10-20 10:55:27,11.79,20200,11.78,U
sz002532,天山铝业,2025-10-20 10:56:42,11.8,56000,11.8,D
sz002532,天山铝业,2025-10-20 10:56:45,11.81,95700,11.8,U
sz002532,天山铝业,2025-10-20 10:56:48,11.8,49200,11.81,D
sz002532,天山铝业,2025-10-20 10:56:51,11.8,27100,11.8,U
sz002532,天山铝业,2025-10-20 10:57:12,11.79,19400,11.8,D
sz002532,天山铝业,2025-10-20 10:57:42,11.8,35500,11.8,D
sz002532,天山铝业,2025-10-20 10:59:09,11.81,201600,11.78,U
sz002532,天山铝业,2025-10-20 10:59:27,11.82,172700,11.82,E
sz002532,天山铝业,2025-10-20 10:59:39,11.82,135900,11.83,E
sz002532,天山铝业,2025-10-20 11:00:12,11.83,214800,11.82,E
sz002532,天山铝业,2025-10-20 11:00:48,11.83,133000,11.84,D
sz002532,天山铝业,2025-10-20 11:01:15,11.82,59400,11.82,U
sz002532,天山铝业,2025-10-20 11:01:42,11.81,109200,11.81,D
sz002532,天山铝业,2025-10-20 11:01:45,11.83,98400,11.81,U
sz002532,天山铝业,2025-10-20 11:02:18,11.88,242600,11.84,U
sz002532,天山铝业,2025-10-20 11:02:21,11.83,228333,11.88,D
sz002532,天山铝业,2025-10-20 11:02:39,11.88,55400,11.86,U
sz002532,天山铝业,2025-10-20 11:02:48,11.88,27000,11.87,U
sz002532,天山铝业,2025-10-20 11:02:57,11.89,27800,11.88,U
sz002532,天山铝业,2025-10-20 11:03:06,11.9,182500,11.88,U
sz002532,天山铝业,2025-10-20 11:03:09,11.92,48900,11.9,U
sz002532,天山铝业,2025-10-20 11:03:24,11.91,43600,11.92,D
sz002532,天山铝业,2025-10-20 11:03:27,11.94,46500,11.91,U
sz002532,天山铝业,2025-10-20 11:03:30,11.9,165700,11.94,D
sz002532,天山铝业,2025-10-20 11:03:33,11.92,41900,11.9,U
sz002532,天山铝业,2025-10-20 11:03:39,11.91,141000,11.92,D
sz002532,天山铝业,2025-10-20 11:03:42,11.91,42800,11.91,U
sz002532,天山铝业,2025-10-20 11:03:51,11.93,39900,11.93,U
sz002532,天山铝业,2025-10-20 11:03:54,11.94,30800,11.93,U
sz002532,天山铝业,2025-10-20 11:03:57,11.93,96700,11.94,D
sz002532,天山铝业,2025-10-20 11:04:00,11.94,36200,11.93,U
sz002532,天山铝业,2025-10-20 11:04:03,11.94,34800,11.94,E
sz002532,天山铝业,2025-10-20 11:04:06,11.95,26000,11.94,U
sz002532,天山铝业,2025-10-20 11:05:09,11.91,33000,11.93,E
sz002532,天山铝业,2025-10-20 11:05:18,11.89,22200,11.89,D
sz002532,天山铝业,2025-10-20 11:05:57,11.93,71200,11.92,U
sz002532,天山铝业,2025-10-20 11:06:00,11.95,103200,11.93,U
sz002532,天山铝业,2025-10-20 11:06:03,11.93,24000,11.95,D
sz002532,天山铝业,2025-10-20 11:06:24,11.95,243300,11.94,U
sz002532,天山铝业,2025-10-20 11:06:27,11.96,44300,11.95,U
sz002532,天山铝业,2025-10-20 11:06:30,11.96,62500,11.96,E
sz002532,天山铝业,2025-10-20 11:06:33,11.96,19100,11.96,U
sz002532,天山铝业,2025-10-20 11:06:54,11.96,18200,11.95,U
sz002532,天山铝业,2025-10-20 11:07:36,11.94,22100,11.94,U
sz002532,天山铝业,2025-10-20 11:07:45,11.95,37000,11.95,U
sz002532,天山铝业,2025-10-20 11:08:15,11.92,18000,11.93,D
sz002532,天山铝业,2025-10-20 11:09:03,11.95,41200,11.95,U
sz002532,天山铝业,2025-10-20 11:09:06,11.96,23700,11.95,U
sz002532,天山铝业,2025-10-20 11:09:18,11.98,165400,11.95,U
sz002532,天山铝业,2025-10-20 11:09:27,11.98,89500,11.98,U
sz002532,天山铝业,2025-10-20 11:09:33,11.99,17600,11.98,U
sz002532,天山铝业,2025-10-20 11:10:03,11.96,25200,11.98,D
sz002532,天山铝业,2025-10-20 11:10:12,12.0,326600,11.98,U
sz002532,天山铝业,2025-10-20 11:10:24,11.99,33200,12.0,D
sz002532,天山铝业,2025-10-20 11:10:27,12.0,25800,11.99,U
sz002532,天山铝业,2025-10-20 11:11:06,12.0,265100,11.97,U
sz002532,天山铝业,2025-10-20 11:11:09,12.02,41100,12.0,U
sz002532,天山铝业,2025-10-20 11:11:12,12.01,29300,12.02,U
sz002532,天山铝业,2025-10-20 11:11:18,12.02,25300,12.01,U
sz002532,天山铝业,2025-10-20 11:11:27,12.02,20100,12.02,D
sz002532,天山铝业,2025-10-20 11:11:36,12.03,31800,12.04,D
sz002532,天山铝业,2025-10-20 11:11:39,12.03,52300,12.03,U
sz002532,天山铝业,2025-10-20 11:11:42,12.03,22900,12.03,U
sz002532,天山铝业,2025-10-20 11:11:45,12.01,75400,12.03,D
sz002532,天山铝业,2025-10-20 11:11:48,12.0,29800,12.01,D
sz002532,天山铝业,2025-10-20 11:11:54,12.01,17400,12.02,E
sz002532,天山铝业,2025-10-20 11:12:03,12.02,30800,12.0,U
sz002532,天山铝业,2025-10-20 11:12:15,12.02,62800,12.02,U
sz002532,天山铝业,2025-10-20 11:12:18,12.01,19200,12.02,D
sz002532,天山铝业,2025-10-20 11:12:33,12.03,63700,12.02,U
sz002532,天山铝业,2025-10-20 11:12:36,12.04,25700,12.03,U
sz002532,天山铝业,2025-10-20 11:14:12,12.0,36700,12.0,D
sz002532,天山铝业,2025-10-20 11:14:15,12.0,18600,12.0,D
sz002532,天山铝业,2025-10-20 11:15:00,11.98,18100,11.98,D
sz002532,天山铝业,2025-10-20 11:15:42,11.96,93800,11.98,D
sz002532,天山铝业,2025-10-20 11:15:45,11.96,33600,11.96,D
sz002532,天山铝业,2025-10-20 11:16:39,11.99,40600,11.99,U
sz002532,天山铝业,2025-10-20 11:16:42,12.0,26300,11.99,U
sz002532,天山铝业,2025-10-20 11:16:48,11.99,16900,12.0,D
sz002532,天山铝业,2025-10-20 11:17:15,12.0,18300,12.0,U
sz002532,天山铝业,2025-10-20 11:17:18,11.99,19000,12.0,D
sz002532,天山铝业,2025-10-20 11:17:54,12.0,49000,12.0,U
sz002532,天山铝业,2025-10-20 11:17:57,12.01,129300,12.0,U
sz002532,天山铝业,2025-10-20 11:18:00,12.01,112500,12.01,D
sz002532,天山铝业,2025-10-20 11:18:03,12.05,65800,12.01,U
sz002532,天山铝业,2025-10-20 11:18:06,12.05,18200,12.05,U
sz002532,天山铝业,2025-10-20 11:18:15,12.05,25700,12.05,U
sz002532,天山铝业,2025-10-20 11:18:54,12.01,25000,12.02,E
sz002532,天山铝业,2025-10-20 11:20:00,11.99,67700,12.01,D
sz002532,天山铝业,2025-10-20 11:20:09,11.99,23100,12.0,D
sz002532,天山铝业,2025-10-20 11:20:27,12.0,19100,11.99,U
sz002532,天山铝业,2025-10-20 11:20:30,12.0,23600,12.0,U
sz002532,天山铝业,2025-10-20 11:20:33,12.02,25800,12.0,U
sz002532,天山铝业,2025-10-20 11:20:36,12.01,32600,12.02,D
sz002532,天山铝业,2025-10-20 11:23:03,12.0,51400,12.0,D
sz002532,天山铝业,2025-10-20 11:23:15,12.02,90500,12.02,U
sz002532,天山铝业,2025-10-20 11:23:18,12.02,38500,12.02,D
sz002532,天山铝业,2025-10-20 11:24:48,12.01,24300,12.01,U
sz002532,天山铝业,2025-10-20 11:25:42,12.03,64800,12.03,U
sz002532,天山铝业,2025-10-20 11:25:45,12.03,51300,12.03,D
sz002532,天山铝业,2025-10-20 11:25:48,12.04,17100,12.03,U
sz002532,天山铝业,2025-10-20 11:25:57,12.03,50600,12.04,D
sz002532,天山铝业,2025-10-20 11:27:18,12.01,51600,12.02,D
sz002532,天山铝业,2025-10-20 11:27:24,12.02,21500,12.0,U
sz002532,天山铝业,2025-10-20 11:27:33,12.03,48300,12.01,U
sz002532,天山铝业,2025-10-20 11:28:06,12.01,20700,12.02,D
sz002532,天山铝业,2025-10-20 11:28:12,12.02,16700,12.02,U
sz002532,天山铝业,2025-10-20 11:28:15,12.03,53000,12.02,U
sz002532,天山铝业,2025-10-20 11:28:54,12.01,59800,12.01,D
sz002532,天山铝业,2025-10-20 11:29:03,12.01,27300,12.01,D
sz002532,天山铝业,2025-10-20 11:29:33,12.01,52100,12.01,D
sz002532,天山铝业,2025-10-20 11:29:36,12.04,101000,12.01,U
sz002532,天山铝业,2025-10-20 11:29:39,12.05,70100,12.04,U
sz002532,天山铝业,2025-10-20 11:29:54,12.05,45500,12.05,U
sz002532,天山铝业,2025-10-20 13:00:00,12.05,141600,12.05,U
sz002532,天山铝业,2025-10-20 13:00:03,12.06,71300,12.05,U
sz002532,天山铝业,2025-10-20 13:00:06,12.07,98500,12.06,U
sz002532,天山铝业,2025-10-20 13:00:09,12.12,301600,12.07,U
sz002532,天山铝业,2025-10-20 13:00:12,12.16,87600,12.12,U
sz002532,天山铝业,2025-10-20 13:00:15,12.13,51300,12.16,D
sz002532,天山铝业,2025-10-20 13:00:18,12.16,18300,12.13,U
sz002532,天山铝业,2025-10-20 13:00:21,12.13,31000,12.16,D
sz002532,天山铝业,2025-10-20 13:00:27,12.16,64500,12.15,U
sz002532,天山铝业,2025-10-20 13:00:33,12.16,17300,12.13,U
sz002532,天山铝业,2025-10-20 13:00:39,12.14,47100,12.15,E
sz002532,天山铝业,2025-10-20 13:00:54,12.12,24200,12.14,D
sz002532,天山铝业,2025-10-20 13:00:57,12.12,19000,12.12,D
sz002532,天山铝业,2025-10-20 13:01:03,12.1,51200,12.1,D
sz002532,天山铝业,2025-10-20 13:01:15,12.09,187200,12.1,D
sz002532,天山铝业,2025-10-20 13:01:18,12.13,72200,12.09,U
sz002532,天山铝业,2025-10-20 13:01:21,12.06,85100,12.13,D
sz002532,天山铝业,2025-10-20 13:01:33,12.05,51100,12.07,D
sz002532,天山铝业,2025-10-20 13:01:42,12.03,65900,12.06,D
sz002532,天山铝业,2025-10-20 13:02:06,12.0,35100,12.04,D
sz002532,天山铝业,2025-10-20 13:02:15,12.0,21300,12.01,D
sz002532,天山铝业,2025-10-20 13:02:24,11.99,23300,11.99,D
sz002532,天山铝业,2025-10-20 13:03:21,12.02,161500,12.0,U
sz002532,天山铝业,2025-10-20 13:03:30,12.02,68100,12.02,E
sz002532,天山铝业,2025-10-20 13:03:48,11.98,22400,11.98,D
sz002532,天山铝业,2025-10-20 13:04:03,11.97,66400,11.98,D
sz002532,天山铝业,2025-10-20 13:05:03,11.93,34200,11.95,D
sz002532,天山铝业,2025-10-20 13:05:24,11.92,40400,11.94,D
sz002532,天山铝业,2025-10-20 13:08:00,11.92,22200,11.96,D
sz002532,天山铝业,2025-10-20 13:10:54,11.94,32000,11.94,D
sz002532,天山铝业,2025-10-20 13:11:42,11.92,27000,11.93,D
sz002532,天山铝业,2025-10-20 13:12:00,11.89,58200,11.9,D
sz002532,天山铝业,2025-10-20 13:13:12,11.9,18600,11.9,D
sz002532,天山铝业,2025-10-20 13:13:39,11.89,23600,11.89,D
sz002532,天山铝业,2025-10-20 13:14:33,11.88,30900,11.89,D
sz002532,天山铝业,2025-10-20 13:18:27,11.88,81300,11.88,D
sz002532,天山铝业,2025-10-20 13:21:15,11.89,26600,11.88,U
sz002532,天山铝业,2025-10-20 13:23:00,11.9,33700,11.91,D
sz002532,天山铝业,2025-10-20 13:24:24,11.88,59100,11.89,D
sz002532,天山铝业,2025-10-20 13:24:57,11.87,36800,11.87,D
sz002532,天山铝业,2025-10-20 13:25:00,11.87,28100,11.87,D
sz002532,天山铝业,2025-10-20 13:25:51,11.87,21800,11.86,U
sz002532,天山铝业,2025-10-20 13:25:57,11.88,16900,11.87,U
sz002532,天山铝业,2025-10-20 13:28:09,11.87,27700,11.86,U
sz002532,天山铝业,2025-10-20 13:28:12,11.87,18800,11.87,U
sz002532,天山铝业,2025-10-20 13:28:15,11.86,23700,11.87,D
sz002532,天山铝业,2025-10-20 13:30:09,11.86,20400,11.85,U
sz002532,天山铝业,2025-10-20 13:30:12,11.86,17800,11.86,E
sz002532,天山铝业,2025-10-20 13:30:15,11.88,27200,11.86,U
sz002532,天山铝业,2025-10-20 13:30:18,11.89,17900,11.88,U
sz002532,天山铝业,2025-10-20 13:32:03,11.88,55200,11.86,U
sz002532,天山铝业,2025-10-20 13:35:45,11.89,19900,11.91,D
sz002532,天山铝业,2025-10-20 13:38:54,11.9,37900,11.9,U
sz002532,天山铝业,2025-10-20 13:43:54,11.88,17400,11.88,D
sz002532,天山铝业,2025-10-20 13:44:27,11.92,31300,11.89,U
sz002532,天山铝业,2025-10-20 13:44:30,11.89,19500,11.92,U
sz002532,天山铝业,2025-10-20 13:45:48,11.89,17700,11.88,U
sz002532,天山铝业,2025-10-20 13:46:24,11.92,28700,11.92,U
sz002532,天山铝业,2025-10-20 13:46:27,11.87,19200,11.92,D
sz002532,天山铝业,2025-10-20 13:46:33,11.91,30700,11.87,U
sz002532,天山铝业,2025-10-20 13:46:36,11.9,22900,11.91,U
sz002532,天山铝业,2025-10-20 13:46:39,11.86,23600,11.9,D
sz002532,天山铝业,2025-10-20 13:47:18,11.87,22300,11.88,D
sz002532,天山铝业,2025-10-20 13:47:39,11.91,50000,11.89,U
sz002532,天山铝业,2025-10-20 13:51:39,11.93,35000,11.91,U
sz002532,天山铝业,2025-10-20 13:51:57,11.91,31100,11.91,D
sz002532,天山铝业,2025-10-20 13:52:39,11.92,66500,11.92,U
sz002532,天山铝业,2025-10-20 13:53:42,11.94,20000,11.91,U
sz002532,天山铝业,2025-10-20 13:57:27,11.88,43900,11.9,D
sz002532,天山铝业,2025-10-20 13:57:30,11.87,20300,11.88,D
sz002532,天山铝业,2025-10-20 13:57:33,11.86,18400,11.87,D
sz002532,天山铝业,2025-10-20 13:57:42,11.86,43000,11.91,D
sz002532,天山铝业,2025-10-20 13:59:30,11.92,60400,11.92,U
sz002532,天山铝业,2025-10-20 13:59:48,11.9,35000,11.88,E
sz002532,天山铝业,2025-10-20 13:59:54,11.86,46300,11.88,D
sz002532,天山铝业,2025-10-20 14:04:42,11.87,37800,11.86,U
sz002532,天山铝业,2025-10-20 14:04:51,11.89,24800,11.88,U
sz002532,天山铝业,2025-10-20 14:08:00,11.89,62200,11.9,E
sz002532,天山铝业,2025-10-20 14:10:48,11.87,23800,11.87,D
sz002532,天山铝业,2025-10-20 14:12:18,11.86,56500,11.88,D
sz002532,天山铝业,2025-10-20 14:12:21,11.85,35500,11.86,D
sz002532,天山铝业,2025-10-20 14:12:27,11.88,135700,11.87,U
sz002532,天山铝业,2025-10-20 14:12:30,11.88,17200,11.88,U
sz002532,天山铝业,2025-10-20 14:12:42,11.88,32500,11.88,D
sz002532,天山铝业,2025-10-20 14:14:09,11.88,42800,11.87,U
sz002532,天山铝业,2025-10-20 14:14:30,11.88,23500,11.88,U
sz002532,天山铝业,2025-10-20 14:14:45,11.87,35400,11.9,D
sz002532,天山铝业,2025-10-20 14:16:54,11.87,17900,11.88,D
sz002532,天山铝业,2025-10-20 14:17:45,11.87,21700,11.89,D
sz002532,天山铝业,2025-10-20 14:19:00,11.85,22700,11.86,D
sz002532,天山铝业,2025-10-20 14:19:09,11.85,20800,11.86,D
sz002532,天山铝业,2025-10-20 14:19:54,11.86,28500,11.85,U
sz002532,天山铝业,2025-10-20 14:21:36,11.86,19900,11.85,U
sz002532,天山铝业,2025-10-20 14:23:27,11.9,61600,11.9,U
sz002532,天山铝业,2025-10-20 14:23:30,11.89,19800,11.9,D
sz002532,天山铝业,2025-10-20 14:25:42,11.9,23700,11.9,U
sz002532,天山铝业,2025-10-20 14:25:45,11.91,38800,11.9,U
sz002532,天山铝业,2025-10-20 14:25:48,11.91,19400,11.91,D
sz002532,天山铝业,2025-10-20 14:25:54,11.92,36200,11.93,D
sz002532,天山铝业,2025-10-20 14:26:24,11.94,16800,11.94,U
sz002532,天山铝业,2025-10-20 14:28:09,11.92,21200,11.93,D
sz002532,天山铝业,2025-10-20 14:28:33,11.93,19400,11.93,U
sz002532,天山铝业,2025-10-20 14:30:24,11.94,63500,11.93,U
sz002532,天山铝业,2025-10-20 14:31:27,11.92,64700,11.92,U
sz002532,天山铝业,2025-10-20 14:31:45,11.94,51700,11.94,U
sz002532,天山铝业,2025-10-20 14:32:12,11.94,30000,11.91,U
sz002532,天山铝业,2025-10-20 14:32:42,11.92,17200,11.92,U
sz002532,天山铝业,2025-10-20 14:33:03,11.92,62300,11.92,D
sz002532,天山铝业,2025-10-20 14:33:30,11.9,17300,11.91,D
sz002532,天山铝业,2025-10-20 14:34:48,11.91,20300,11.91,U
sz002532,天山铝业,2025-10-20 14:35:15,11.92,52200,11.91,U
sz002532,天山铝业,2025-10-20 14:37:00,11.94,18400,11.92,U
sz002532,天山铝业,2025-10-20 14:37:15,11.93,17400,11.93,U
sz002532,天山铝业,2025-10-20 14:38:00,11.94,87400,11.93,U
sz002532,天山铝业,2025-10-20 14:38:03,11.95,29400,11.94,U
sz002532,天山铝业,2025-10-20 14:38:15,11.95,17900,11.95,U
sz002532,天山铝业,2025-10-20 14:38:36,11.94,61900,11.94,U
sz002532,天山铝业,2025-10-20 14:38:51,11.96,32800,11.96,U
sz002532,天山铝业,2025-10-20 14:40:30,11.94,132000,11.93,D
sz002532,天山铝业,2025-10-20 14:40:33,11.95,62500,11.94,U
sz002532,天山铝业,2025-10-20 14:43:21,11.97,375700,11.95,U
sz002532,天山铝业,2025-10-20 14:43:27,12.0,58300,12.0,U
sz002532,天山铝业,2025-10-20 14:43:30,12.01,42900,12.0,U
sz002532,天山铝业,2025-10-20 14:43:33,12.0,19100,12.01,D
sz002532,天山铝业,2025-10-20 14:43:36,12.01,27600,12.0,U
sz002532,天山铝业,2025-10-20 14:43:42,12.01,26700,12.01,U
sz002532,天山铝业,2025-10-20 14:43:45,12.01,19500,12.01,U
sz002532,天山铝业,2025-10-20 14:44:42,11.99,70700,11.99,E
sz002532,天山铝业,2025-10-20 14:44:48,11.99,17100,11.99,U
sz002532,天山铝业,2025-10-20 14:45:03,12.0,18600,12.0,U
sz002532,天山铝业,2025-10-20 14:45:27,12.0,28400,11.99,U
sz002532,天山铝业,2025-10-20 14:45:30,11.99,21000,12.0,D
sz002532,天山铝业,2025-10-20 14:45:33,11.99,55500,11.99,D
sz002532,天山铝业,2025-10-20 14:45:36,12.0,42700,11.99,D
sz002532,天山铝业,2025-10-20 14:45:39,12.01,23700,12.0,U
sz002532,天山铝业,2025-10-20 14:45:45,12.01,27966,12.01,U
sz002532,天山铝业,2025-10-20 14:45:51,12.02,54800,12.01,U
sz002532,天山铝业,2025-10-20 14:45:54,12.02,62800,12.02,E
sz002532,天山铝业,2025-10-20 14:45:57,12.02,18300,12.02,U
sz002532,天山铝业,2025-10-20 14:46:15,12.0,27900,12.0,D
sz002532,天山铝业,2025-10-20 14:47:30,12.01,79100,12.0,U
sz002532,天山铝业,2025-10-20 14:47:33,12.01,19400,12.01,U
sz002532,天山铝业,2025-10-20 14:47:45,12.0,32000,12.0,D
sz002532,天山铝业,2025-10-20 14:48:03,12.0,20900,12.0,D
sz002532,天山铝业,2025-10-20 14:48:09,12.01,80000,12.0,U
sz002532,天山铝业,2025-10-20 14:48:12,12.0,20100,12.01,D
sz002532,天山铝业,2025-10-20 14:48:27,12.01,17100,12.01,U
sz002532,天山铝业,2025-10-20 14:49:09,12.0,34800,12.0,D
sz002532,天山铝业,2025-10-20 14:49:21,12.0,49100,11.99,U
sz002532,天山铝业,2025-10-20 14:49:30,12.0,28200,12.0,D
sz002532,天山铝业,2025-10-20 14:50:54,12.0,21000,12.0,D
sz002532,天山铝业,2025-10-20 14:51:03,12.0,73600,12.01,D
sz002532,天山铝业,2025-10-20 14:51:54,12.01,27800,12.01,U
sz002532,天山铝业,2025-10-20 14:52:12,12.01,24700,12.0,U
sz002532,天山铝业,2025-10-20 14:52:30,12.01,34000,12.01,U
sz002532,天山铝业,2025-10-20 14:52:39,12.01,17067,12.02,U
sz002532,天山铝业,2025-10-20 14:52:48,12.01,33033,12.01,D
sz002532,天山铝业,2025-10-20 14:53:54,12.0,74600,12.01,D
sz002532,天山铝业,2025-10-20 14:53:57,12.0,18000,12.0,D
sz002532,天山铝业,2025-10-20 14:54:54,12.0,19700,12.0,D
sz002532,天山铝业,2025-10-20 14:55:15,12.01,21100,12.01,U
sz002532,天山铝业,2025-10-20 14:55:24,12.01,32100,12.0,U
sz002532,天山铝业,2025-10-20 14:55:30,12.0,25100,12.01,D
sz002532,天山铝业,2025-10-20 14:55:39,12.0,18200,12.0,D
sz002532,天山铝业,2025-10-20 14:55:42,12.0,44600,12.0,D
sz002532,天山铝业,2025-10-20 14:56:09,12.0,61400,12.0,D
sz002532,天山铝业,2025-10-20 14:56:12,12.0,24100,12.0,D
sz002532,天山铝业,2025-10-20 14:56:27,12.0,95300,12.01,D
sz002532,天山铝业,2025-10-20 14:56:30,12.0,17300,12.0,U
sz002532,天山铝业,2025-10-20 14:56:33,11.99,43900,12.0,D
sz002532,天山铝业,2025-10-20 15:00:00,11.95,370700,12.0,D
