symbol,name,ticktime,price,volume,prev_price,kind
sz002532,天山铝业,2025-10-24 09:25:00,13.08,762900,0.0,D
sz002532,天山铝业,2025-10-24 09:30:00,13.07,299600,13.08,D
sz002532,天山铝业,2025-10-24 09:30:03,13.12,431293,13.07,U
sz002532,天山铝业,2025-10-24 09:30:06,13.19,200200,13.12,U
sz002532,天山铝业,2025-10-24 09:30:09,13.12,324500,13.19,D
sz002532,天山铝业,2025-10-24 09:30:12,13.15,109800,13.12,E
sz002532,天山铝业,2025-10-24 09:30:15,13.12,89300,13.15,D
sz002532,天山铝业,2025-10-24 09:30:18,13.12,167100,13.12,U
sz002532,天山铝业,2025-10-24 09:30:21,13.09,220000,13.12,D
sz002532,天山铝业,2025-10-24 09:30:24,13.16,91050,13.09,U
sz002532,天山铝业,2025-10-24 09:30:27,13.14,33200,13.16,D
sz002532,天山铝业,2025-10-24 09:30:30,13.14,121700,13.14,D
sz002532,天山铝业,2025-10-24 09:30:33,13.13,110650,13.14,D
sz002532,天山铝业,2025-10-24 09:30:36,13.12,210700,13.13,E
sz002532,天山铝业,2025-10-24 09:30:39,13.12,43650,13.12,U
sz002532,天山铝业,2025-10-24 09:30:42,13.12,53100,13.12,U
sz002532,天山铝业,2025-10-24 09:30:45,13.12,65400,13.12,U
sz002532,天山铝业,2025-10-24 09:30:48,13.11,125900,13.12,D
sz002532,天山铝业,2025-10-24 09:30:51,13.1,158900,13.11,D
sz002532,天山铝业,2025-10-24 09:30:54,13.1,134000,13.1,U
sz002532,天山铝业,2025-10-24 09:30:57,13.09,60500,13.1,D
sz002532,天山铝业,2025-10-24 09:31:00,13.07,37700,13.09,D
sz002532,天山铝业,2025-10-24 09:31:03,13.03,123800,13.07,D
sz002532,天山铝业,2025-10-24 09:31:06,13.05,78700,13.03,U
sz002532,天山铝业,2025-10-24 09:31:09,13.05,161800,13.05,U
sz002532,天山铝业,2025-10-24 09:31:12,13.05,51800,13.05,U
sz002532,天山铝业,2025-10-24 09:31:15,13.05,53700,13.05,D
sz002532,天山铝业,2025-10-24 09:31:18,13.05,17500,13.05,U
sz002532,天山铝业,2025-10-24 09:31:21,13.06,168100,13.05,U
sz002532,天山铝业,2025-10-24 09:31:24,13.08,62500,13.06,U
sz002532,天山铝业,2025-10-24 09:31:27,13.08,125300,13.08,D
sz002532,天山铝业,2025-10-24 09:31:30,13.11,28000,13.08,U
sz002532,天山铝业,2025-10-24 09:31:33,13.1,41400,13.11,E
sz002532,天山铝业,2025-10-24 09:31:36,13.16,128400,13.1,U
sz002532,天山铝业,2025-10-24 09:31:39,13.18,61600,13.16,U
sz002532,天山铝业,2025-10-24 09:31:42,13.18,23500,13.18,U
sz002532,天山铝业,2025-10-24 09:31:45,13.16,30900,13.18,D
sz002532,天山铝业,2025-10-24 09:31:48,13.18,50900,13.16,U
sz002532,天山铝业,2025-10-24 09:31:51,13.18,51900,13.18,U
sz002532,天山铝业,2025-10-24 09:31:57,13.19,76600,13.19,U
sz002532,天山铝业,2025-10-24 09:32:00,13.22,45232,13.19,U
sz002532,天山铝业,2025-10-24 09:32:03,13.21,83400,13.22,E
sz002532,天山铝业,2025-10-24 09:32:06,13.19,78368,13.21,D
sz002532,天山铝业,2025-10-24 09:32:09,13.18,64900,13.19,D
sz002532,天山铝业,2025-10-24 09:32:12,13.2,113132,13.18,U
sz002532,天山铝业,2025-10-24 09:32:15,13.21,31500,13.2,E
sz002532,天山铝业,2025-10-24 09:32:18,13.22,35100,13.21,U
sz002532,天山铝业,2025-10-24 09:32:21,13.22,43400,13.22,D
sz002532,天山铝业,2025-10-24 09:32:24,13.23,108400,13.22,U
sz002532,天山铝业,2025-10-24 09:32:27,13.22,96600,13.23,D
sz002532,天山铝业,2025-10-24 09:32:30,13.2,106100,13.22,D
sz002532,天山铝业,2025-10-24 09:32:33,13.2,95200,13.2,U
sz002532,天山铝业,2025-10-24 09:32:36,13.19,50700,13.2,E
sz002532,天山铝业,2025-10-24 09:32:39,13.19,88800,13.19,U
sz002532,天山铝业,2025-10-24 09:32:42,13.2,63500,13.19,E
sz002532,天山铝业,2025-10-24 09:32:45,13.22,43200,13.2,U
sz002532,天山铝业,2025-10-24 09:32:48,13.23,110600,13.22,U
sz002532,天山铝业,2025-10-24 09:32:51,13.25,91900,13.23,U
sz002532,天山铝业,2025-10-24 09:32:54,13.28,206500,13.25,U
sz002532,天山铝业,2025-10-24 09:32:57,13.25,87100,13.28,D
sz002532,天山铝业,2025-10-24 09:33:00,13.25,55700,13.25,U
sz002532,天山铝业,2025-10-24 09:33:03,13.25,58000,13.25,E
sz002532,天山铝业,2025-10-24 09:33:06,13.26,36500,13.25,U
sz002532,天山铝业,2025-10-24 09:33:09,13.26,105700,13.26,U
sz002532,天山铝业,2025-10-24 09:33:12,13.3,235800,13.26,U
sz002532,天山铝业,2025-10-24 09:33:15,13.3,47100,13.3,U
sz002532,天山铝业,2025-10-24 09:33:18,13.31,20200,13.3,U
sz002532,天山铝业,2025-10-24 09:33:21,13.3,154300,13.31,D
sz002532,天山铝业,2025-10-24 09:33:24,13.32,45216,13.3,U
sz002532,天山铝业,2025-10-24 09:33:27,13.32,131800,13.32,U
sz002532,天山铝业,2025-10-24 09:33:30,13.32,34400,13.32,U
sz002532,天山铝业,2025-10-24 09:33:33,13.33,91155,13.32,U
sz002532,天山铝业,2025-10-24 09:33:36,13.34,143300,13.33,U
sz002532,天山铝业,2025-10-24 09:33:39,13.34,40900,13.34,D
sz002532,天山铝业,2025-10-24 09:33:42,13.34,126945,13.34,U
sz002532,天山铝业,2025-10-24 09:33:45,13.33,81400,13.34,U
sz002532,天山铝业,2025-10-24 09:33:48,13.32,70300,13.33,E
sz002532,天山铝业,2025-10-24 09:33:51,13.31,30400,13.32,D
sz002532,天山铝业,2025-10-24 09:33:57,13.31,30000,13.31,U
sz002532,天山铝业,2025-10-24 09:34:00,13.32,210602,13.31,U
sz002532,天山铝业,2025-10-24 09:34:03,13.35,103500,13.32,U
sz002532,天山铝业,2025-10-24 09:34:06,13.36,145000,13.35,U
sz002532,天山铝业,2025-10-24 09:34:09,13.34,89300,13.36,D
sz002532,天山铝业,2025-10-24 09:34:12,13.32,33000,13.34,D
sz002532,天山铝业,2025-10-24 09:34:15,13.32,77100,13.32,D
sz002532,天山铝业,2025-10-24 09:34:18,13.35,43500,13.32,U
sz002532,天山铝业,2025-10-24 09:34:21,13.36,54800,13.35,U
sz002532,天山铝业,2025-10-24 09:34:24,13.38,38800,13.36,U
sz002532,天山铝业,2025-10-24 09:34:27,13.39,185200,13.38,U
sz002532,天山铝业,2025-10-24 09:34:30,13.38,82800,13.39,D
sz002532,天山铝业,2025-10-24 09:34:33,13.38,53300,13.38,D
sz002532,天山铝业,2025-10-24 09:34:36,13.38,45900,13.38,D
sz002532,天山铝业,2025-10-24 09:34:39,13.39,66800,13.38,U
sz002532,天山铝业,2025-10-24 09:34:42,13.36,118800,13.39,D
sz002532,天山铝业,2025-10-24 09:34:45,13.36,93400,13.36,U
sz002532,天山铝业,2025-10-24 09:34:48,13.37,30400,13.36,E
sz002532,天山铝业,2025-10-24 09:34:51,13.34,136600,13.37,D
sz002532,天山铝业,2025-10-24 09:34:54,13.39,42800,13.34,U
sz002532,天山铝业,2025-10-24 09:35:00,13.37,57000,13.38,D
sz002532,天山铝业,2025-10-24 09:35:03,13.39,39600,13.37,E
sz002532,天山铝业,2025-10-24 09:35:06,13.37,70700,13.39,D
sz002532,天山铝业,2025-10-24 09:35:09,13.36,100700,13.37,D
sz002532,天山铝业,2025-10-24 09:35:12,13.38,59300,13.36,U
sz002532,天山铝业,2025-10-24 09:35:15,13.36,298300,13.38,E
sz002532,天山铝业,2025-10-24 09:35:18,13.37,158200,13.36,U
sz002532,天山铝业,2025-10-24 09:35:21,13.4,90600,13.37,U
sz002532,天山铝业,2025-10-24 09:35:24,13.4,121600,13.4,U
sz002532,天山铝业,2025-10-24 09:35:27,13.42,53900,13.4,E
sz002532,天山铝业,2025-10-24 09:35:33,13.4,61300,13.4,D
sz002532,天山铝业,2025-10-24 09:35:36,13.4,261800,13.4,D
sz002532,天山铝业,2025-10-24 09:35:39,13.38,252500,13.4,D
sz002532,天山铝业,2025-10-24 09:35:42,13.38,96600,13.38,U
sz002532,天山铝业,2025-10-24 09:35:45,13.38,139800,13.38,D
sz002532,天山铝业,2025-10-24 09:35:48,13.37,326100,13.38,D
sz002532,天山铝业,2025-10-24 09:35:51,13.36,165000,13.37,D
sz002532,天山铝业,2025-10-24 09:35:54,13.35,79000,13.36,D
sz002532,天山铝业,2025-10-24 09:35:57,13.37,421800,13.35,U
sz002532,天山铝业,2025-10-24 09:36:00,13.38,112700,13.37,U
sz002532,天山铝业,2025-10-24 09:36:03,13.36,105600,13.38,D
sz002532,天山铝业,2025-10-24 09:36:06,13.36,39900,13.36,D
sz002532,天山铝业,2025-10-24 09:36:09,13.37,47100,13.36,U
sz002532,天山铝业,2025-10-24 09:36:12,13.41,47700,13.37,U
sz002532,天山铝业,2025-10-24 09:36:15,13.41,24000,13.41,U
sz002532,天山铝业,2025-10-24 09:36:18,13.4,118800,13.41,E
sz002532,天山铝业,2025-10-24 09:36:21,13.39,106700,13.4,E
sz002532,天山铝业,2025-10-24 09:36:24,13.41,54000,13.39,U
sz002532,天山铝业,2025-10-24 09:36:27,13.42,33000,13.41,U
sz002532,天山铝业,2025-10-24 09:36:30,13.42,71700,13.42,U
sz002532,天山铝业,2025-10-24 09:36:33,13.42,57400,13.42,U
sz002532,天山铝业,2025-10-24 09:36:36,13.43,227400,13.42,U
sz002532,天山铝业,2025-10-24 09:36:39,13.43,128900,13.43,U
sz002532,天山铝业,2025-10-24 09:36:42,13.42,102600,13.43,D
sz002532,天山铝业,2025-10-24 09:36:45,13.38,145600,13.42,D
sz002532,天山铝业,2025-10-24 09:36:48,13.39,285200,13.38,U
sz002532,天山铝业,2025-10-24 09:36:51,13.42,446500,13.39,U
sz002532,天山铝业,2025-10-24 09:36:54,13.43,38200,13.42,U
sz002532,天山铝业,2025-10-24 09:36:57,13.44,92600,13.43,U
sz002532,天山铝业,2025-10-24 09:37:00,13.42,271766,13.44,D
sz002532,天山铝业,2025-10-24 09:37:03,13.42,145034,13.42,D
sz002532,天山铝业,2025-10-24 09:37:06,13.42,75900,13.42,U
sz002532,天山铝业,2025-10-24 09:37:09,13.42,49500,13.42,U
sz002532,天山铝业,2025-10-24 09:37:12,13.45,78200,13.42,U
sz002532,天山铝业,2025-10-24 09:37:15,13.42,39700,13.45,D
sz002532,天山铝业,2025-10-24 09:37:18,13.4,38400,13.42,D
sz002532,天山铝业,2025-10-24 09:37:21,13.42,22600,13.4,U
sz002532,天山铝业,2025-10-24 09:37:24,13.4,53700,13.42,D
sz002532,天山铝业,2025-10-24 09:37:27,13.4,27300,13.4,E
sz002532,天山铝业,2025-10-24 09:37:33,13.35,168000,13.38,D
sz002532,天山铝业,2025-10-24 09:37:39,13.34,23600,13.35,D
sz002532,天山铝业,2025-10-24 09:37:42,13.35,47900,13.34,U
sz002532,天山铝业,2025-10-24 09:37:45,13.35,44400,13.35,U
sz002532,天山铝业,2025-10-24 09:37:48,13.35,58000,13.35,U
sz002532,天山铝业,2025-10-24 09:37:51,13.35,33700,13.35,D
sz002532,天山铝业,2025-10-24 09:37:54,13.35,23200,13.35,U
sz002532,天山铝业,2025-10-24 09:38:00,13.36,140900,13.35,U
sz002532,天山铝业,2025-10-24 09:38:03,13.34,81300,13.36,D
sz002532,天山铝业,2025-10-24 09:38:06,13.35,28500,13.34,U
sz002532,天山铝业,2025-10-24 09:38:09,13.35,38500,13.35,U
sz002532,天山铝业,2025-10-24 09:38:12,13.3,109700,13.35,D
sz002532,天山铝业,2025-10-24 09:38:15,13.3,36100,13.3,D
sz002532,天山铝业,2025-10-24 09:38:24,13.28,78800,13.3,D
sz002532,天山铝业,2025-10-24 09:38:30,13.28,178900,13.26,U
sz002532,天山铝业,2025-10-24 09:38:33,13.29,16700,13.28,E
sz002532,天山铝业,2025-10-24 09:38:36,13.28,25700,13.29,D
sz002532,天山铝业,2025-10-24 09:38:39,13.28,27500,13.28,U
sz002532,天山铝业,2025-10-24 09:38:42,13.29,39100,13.28,U
sz002532,天山铝业,2025-10-24 09:38:45,13.29,58000,13.29,D
sz002532,天山铝业,2025-10-24 09:38:48,13.31,70900,13.29,U
sz002532,天山铝业,2025-10-24 09:38:51,13.32,66800,13.31,U
sz002532,天山铝业,2025-10-24 09:38:57,13.33,32800,13.33,U
sz002532,天山铝业,2025-10-24 09:39:00,13.31,70600,13.33,D
sz002532,天山铝业,2025-10-24 09:39:03,13.32,25100,13.31,D
sz002532,天山铝业,2025-10-24 09:39:15,13.35,100500,13.34,U
sz002532,天山铝业,2025-10-24 09:39:18,13.38,112200,13.35,U
sz002532,天山铝业,2025-10-24 09:39:24,13.38,37700,13.36,U
sz002532,天山铝业,2025-10-24 09:39:30,13.37,54800,13.38,D
sz002532,天山铝业,2025-10-24 09:39:33,13.38,42600,13.37,U
sz002532,天山铝业,2025-10-24 09:39:36,13.38,71600,13.38,U
sz002532,天山铝业,2025-10-24 09:39:39,13.4,329500,13.38,U
sz002532,天山铝业,2025-10-24 09:39:45,13.41,49100,13.41,U
sz002532,天山铝业,2025-10-24 09:39:48,13.4,30100,13.41,D
sz002532,天山铝业,2025-10-24 09:39:51,13.4,42200,13.4,D
sz002532,天山铝业,2025-10-24 09:39:54,13.4,15600,13.4,U
sz002532,天山铝业,2025-10-24 09:39:57,13.4,92900,13.4,U
sz002532,天山铝业,2025-10-24 09:40:03,13.4,34800,13.41,D
sz002532,天山铝业,2025-10-24 09:40:06,13.4,44300,13.4,U
sz002532,天山铝业,2025-10-24 09:40:09,13.39,118600,13.4,U
sz002532,天山铝业,2025-10-24 09:40:12,13.4,41100,13.39,U
sz002532,天山铝业,2025-10-24 09:40:15,13.38,38900,13.4,D
sz002532,天山铝业,2025-10-24 09:40:18,13.38,35100,13.38,U
sz002532,天山铝业,2025-10-24 09:40:21,13.35,343300,13.38,D
sz002532,天山铝业,2025-10-24 09:40:27,13.37,31000,13.36,U
sz002532,天山铝业,2025-10-24 09:40:30,13.35,19200,13.37,D
sz002532,天山铝业,2025-10-24 09:40:36,13.36,200600,13.33,U
sz002532,天山铝业,2025-10-24 09:40:39,13.35,50300,13.36,D
sz002532,天山铝业,2025-10-24 09:40:51,13.33,19200,13.33,D
sz002532,天山铝业,2025-10-24 09:40:54,13.34,86300,13.33,U
sz002532,天山铝业,2025-10-24 09:41:00,13.33,16100,13.33,D
sz002532,天山铝业,2025-10-24 09:41:09,13.34,64900,13.32,U
sz002532,天山铝业,2025-10-24 09:41:12,13.33,15700,13.34,E
sz002532,天山铝业,2025-10-24 09:41:18,13.3,146300,13.34,D
sz002532,天山铝业,2025-10-24 09:41:24,13.29,36400,13.29,U
sz002532,天山铝业,2025-10-24 09:41:30,13.27,84700,13.28,D
sz002532,天山铝业,2025-10-24 09:41:33,13.26,50400,13.27,D
sz002532,天山铝业,2025-10-24 09:41:36,13.26,81600,13.26,U
sz002532,天山铝业,2025-10-24 09:41:39,13.26,43500,13.26,U
sz002532,天山铝业,2025-10-24 09:41:42,13.24,41000,13.26,D
sz002532,天山铝业,2025-10-24 09:41:48,13.26,31100,13.25,U
sz002532,天山铝业,2025-10-24 09:41:51,13.26,26400,13.26,U
sz002532,天山铝业,2025-10-24 09:41:57,13.26,23200,13.26,D
sz002532,天山铝业,2025-10-24 09:42:00,13.26,26200,13.26,U
sz002532,天山铝业,2025-10-24 09:42:03,13.25,32700,13.26,D
sz002532,天山铝业,2025-10-24 09:42:06,13.26,31800,13.25,U
sz002532,天山铝业,2025-10-24 09:42:09,13.25,26400,13.26,D
sz002532,天山铝业,2025-10-24 09:42:12,13.24,15400,13.25,D
sz002532,天山铝业,2025-10-24 09:42:15,13.24,102900,13.24,D
sz002532,天山铝业,2025-10-24 09:42:18,13.25,29100,13.24,U
sz002532,天山铝业,2025-10-24 09:42:24,13.25,39600,13.25,D
sz002532,天山铝业,2025-10-24 09:42:27,13.24,27300,13.25,D
sz002532,天山铝业,2025-10-24 09:42:30,13.23,16800,13.24,D
sz002532,天山铝业,2025-10-24 09:42:36,13.23,20500,13.23,U
sz002532,天山铝业,2025-10-24 09:42:39,13.23,44500,13.23,D
sz002532,天山铝业,2025-10-24 09:42:42,13.23,22800,13.23,D
sz002532,天山铝业,2025-10-24 09:42:45,13.24,30400,13.23,U
sz002532,天山铝业,2025-10-24 09:42:48,13.24,66900,13.24,U
sz002532,天山铝业,2025-10-24 09:42:51,13.26,73500,13.24,U
sz002532,天山铝业,2025-10-24 09:42:54,13.27,22600,13.26,U
sz002532,天山铝业,2025-10-24 09:42:57,13.29,70700,13.27,U
sz002532,天山铝业,2025-10-24 09:43:00,13.3,18200,13.29,U
sz002532,天山铝业,2025-10-24 09:43:03,13.3,28500,13.3,U
sz002532,天山铝业,2025-10-24 09:43:06,13.3,22400,13.3,U
sz002532,天山铝业,2025-10-24 09:43:12,13.29,17500,13.29,D
sz002532,天山铝业,2025-10-24 09:43:15,13.3,71000,13.29,U
sz002532,天山铝业,2025-10-24 09:43:18,13.3,101500,13.3,U
sz002532,天山铝业,2025-10-24 09:43:24,13.29,48700,13.32,D
sz002532,天山铝业,2025-10-24 09:43:30,13.31,32800,13.3,U
sz002532,天山铝业,2025-10-24 09:43:33,13.31,45700,13.31,U
sz002532,天山铝业,2025-10-24 09:43:36,13.32,24600,13.31,U
sz002532,天山铝业,2025-10-24 09:43:39,13.33,116600,13.32,U
sz002532,天山铝业,2025-10-24 09:43:45,13.29,95500,13.32,D
sz002532,天山铝业,2025-10-24 09:43:48,13.3,39700,13.29,U
sz002532,天山铝业,2025-10-24 09:44:00,13.3,23400,13.31,D
sz002532,天山铝业,2025-10-24 09:44:03,13.3,29100,13.3,D
sz002532,天山铝业,2025-10-24 09:44:12,13.3,75200,13.31,D
sz002532,天山铝业,2025-10-24 09:44:24,13.28,40200,13.29,D
sz002532,天山铝业,2025-10-24 09:44:27,13.27,30300,13.28,D
sz002532,天山铝业,2025-10-24 09:44:30,13.27,25300,13.27,U
sz002532,天山铝业,2025-10-24 09:44:39,13.25,52400,13.25,D
sz002532,天山铝业,2025-10-24 09:44:45,13.25,38000,13.24,U
sz002532,天山铝业,2025-10-24 09:44:48,13.26,48100,13.25,U
sz002532,天山铝业,2025-10-24 09:44:51,13.26,77300,13.26,D
sz002532,天山铝业,2025-10-24 09:45:00,13.29,51600,13.28,U
sz002532,天山铝业,2025-10-24 09:45:03,13.3,106100,13.29,U
sz002532,天山铝业,2025-10-24 09:45:09,13.31,25300,13.31,U
sz002532,天山铝业,2025-10-24 09:45:18,13.32,48300,13.33,D
sz002532,天山铝业,2025-10-24 09:45:27,13.3,19100,13.3,U
sz002532,天山铝业,2025-10-24 09:45:30,13.29,15100,13.3,D
sz002532,天山铝业,2025-10-24 09:45:33,13.28,23400,13.29,D
sz002532,天山铝业,2025-10-24 09:45:36,13.29,24800,13.28,U
sz002532,天山铝业,2025-10-24 09:45:39,13.29,30900,13.29,U
sz002532,天山铝业,2025-10-24 09:45:48,13.26,51500,13.29,D
sz002532,天山铝业,2025-10-24 09:45:54,13.25,45700,13.26,D
sz002532,天山铝业,2025-10-24 09:46:00,13.25,26300,13.26,D
sz002532,天山铝业,2025-10-24 09:46:03,13.22,95300,13.25,D
sz002532,天山铝业,2025-10-24 09:46:06,13.22,33800,13.22,U
sz002532,天山铝业,2025-10-24 09:46:09,13.21,64200,13.22,D
sz002532,天山铝业,2025-10-24 09:46:12,13.21,53800,13.21,U
sz002532,天山铝业,2025-10-24 09:46:15,13.2,20000,13.21,D
sz002532,天山铝业,2025-10-24 09:46:18,13.19,116900,13.2,D
sz002532,天山铝业,2025-10-24 09:46:21,13.2,18000,13.19,U
sz002532,天山铝业,2025-10-24 09:46:27,13.18,20100,13.18,D
sz002532,天山铝业,2025-10-24 09:46:30,13.18,39600,13.18,U
sz002532,天山铝业,2025-10-24 09:46:33,13.18,21000,13.18,U
sz002532,天山铝业,2025-10-24 09:46:39,13.17,40500,13.18,D
sz002532,天山铝业,2025-10-24 09:46:45,13.18,21000,13.17,U
sz002532,天山铝业,2025-10-24 09:46:51,13.16,18100,13.17,D
sz002532,天山铝业,2025-10-24 09:47:00,13.15,15500,13.15,D
sz002532,天山铝业,2025-10-24 09:47:03,13.16,17200,13.15,U
sz002532,天山铝业,2025-10-24 09:47:06,13.15,20700,13.16,D
sz002532,天山铝业,2025-10-24 09:47:09,13.14,24200,13.15,D
sz002532,天山铝业,2025-10-24 09:47:12,13.15,32900,13.14,U
sz002532,天山铝业,2025-10-24 09:47:15,13.15,137000,13.15,D
sz002532,天山铝业,2025-10-24 09:47:18,13.15,52700,13.15,U
sz002532,天山铝业,2025-10-24 09:47:21,13.14,27100,13.15,E
sz002532,天山铝业,2025-10-24 09:47:33,13.12,71000,13.13,D
sz002532,天山铝业,2025-10-24 09:47:39,13.1,21600,13.13,D
sz002532,天山铝业,2025-10-24 09:47:45,13.1,15900,13.1,D
sz002532,天山铝业,2025-10-24 09:47:48,13.11,33800,13.1,U
sz002532,天山铝业,2025-10-24 09:47:51,13.1,23400,13.11,D
sz002532,天山铝业,2025-10-24 09:47:57,13.1,43600,13.1,D
sz002532,天山铝业,2025-10-24 09:48:03,13.1,111500,13.1,U
sz002532,天山铝业,2025-10-24 09:48:06,13.1,19700,13.1,D
sz002532,天山铝业,2025-10-24 09:48:09,13.08,55000,13.1,D
sz002532,天山铝业,2025-10-24 09:48:18,13.08,73200,13.08,D
sz002532,天山铝业,2025-10-24 09:48:21,13.08,40600,13.08,U
sz002532,天山铝业,2025-10-24 09:48:27,13.08,36300,13.08,U
sz002532,天山铝业,2025-10-24 09:48:30,13.06,39600,13.08,D
sz002532,天山铝业,2025-10-24 09:48:33,13.05,51200,13.06,D
sz002532,天山铝业,2025-10-24 09:48:36,13.06,46600,13.05,U
sz002532,天山铝业,2025-10-24 09:48:39,13.05,42600,13.06,D
sz002532,天山铝业,2025-10-24 09:48:42,13.04,25000,13.05,E
sz002532,天山铝业,2025-10-24 09:48:45,13.05,31300,13.04,U
sz002532,天山铝业,2025-10-24 09:48:48,13.05,46900,13.05,U
sz002532,天山铝业,2025-10-24 09:48:51,13.01,26700,13.05,D
sz002532,天山铝业,2025-10-24 09:49:00,13.02,24900,13.02,D
sz002532,天山铝业,2025-10-24 09:49:03,13.01,58400,13.02,D
sz002532,天山铝业,2025-10-24 09:49:06,13.02,26100,13.01,U
sz002532,天山铝业,2025-10-24 09:49:09,13.03,38100,13.02,U
sz002532,天山铝业,2025-10-24 09:49:12,13.02,49000,13.03,D
sz002532,天山铝业,2025-10-24 09:49:15,13.02,35200,13.02,D
sz002532,天山铝业,2025-10-24 09:49:21,13.02,36800,13.02,D
sz002532,天山铝业,2025-10-24 09:49:24,12.99,263800,13.02,D
sz002532,天山铝业,2025-10-24 09:49:27,12.98,21900,12.99,D
sz002532,天山铝业,2025-10-24 09:49:30,12.95,438500,12.98,D
sz002532,天山铝业,2025-10-24 09:49:33,12.95,16700,12.95,D
sz002532,天山铝业,2025-10-24 09:49:36,12.94,19300,12.95,D
sz002532,天山铝业,2025-10-24 09:49:39,12.93,54900,12.94,D
sz002532,天山铝业,2025-10-24 09:49:42,12.93,60400,12.93,D
sz002532,天山铝业,2025-10-24 09:49:45,12.9,52400,12.93,D
sz002532,天山铝业,2025-10-24 09:49:48,12.91,29100,12.9,E
sz002532,天山铝业,2025-10-24 09:49:51,12.9,41200,12.91,D
sz002532,天山铝业,2025-10-24 09:49:54,12.91,41300,12.9,U
sz002532,天山铝业,2025-10-24 09:49:57,12.9,29500,12.91,D
sz002532,天山铝业,2025-10-24 09:50:00,12.9,40200,12.9,D
sz002532,天山铝业,2025-10-24 09:50:03,12.9,49700,12.9,D
sz002532,天山铝业,2025-10-24 09:50:06,12.91,30600,12.9,U
sz002532,天山铝业,2025-10-24 09:50:09,12.9,30300,12.91,D
sz002532,天山铝业,2025-10-24 09:50:12,12.9,39600,12.9,E
sz002532,天山铝业,2025-10-24 09:50:15,12.9,167800,12.9,U
sz002532,天山铝业,2025-10-24 09:50:18,12.89,48400,12.9,D
sz002532,天山铝业,2025-10-24 09:50:21,12.88,57100,12.89,D
sz002532,天山铝业,2025-10-24 09:50:24,12.87,23500,12.88,E
sz002532,天山铝业,2025-10-24 09:50:27,12.86,17600,12.87,E
sz002532,天山铝业,2025-10-24 09:50:30,12.86,28100,12.86,D
sz002532,天山铝业,2025-10-24 09:50:33,12.85,46100,12.86,D
sz002532,天山铝业,2025-10-24 09:50:39,12.86,72300,12.85,U
sz002532,天山铝业,2025-10-24 09:50:42,12.85,118200,12.86,D
sz002532,天山铝业,2025-10-24 09:50:45,12.85,23000,12.85,E
sz002532,天山铝业,2025-10-24 09:50:48,12.85,80900,12.85,U
sz002532,天山铝业,2025-10-24 09:50:51,12.87,69200,12.85,U
sz002532,天山铝业,2025-10-24 09:50:54,12.86,49700,12.87,E
sz002532,天山铝业,2025-10-24 09:50:57,12.91,109400,12.86,U
sz002532,天山铝业,2025-10-24 09:51:00,12.9,40000,12.91,E
sz002532,天山铝业,2025-10-24 09:51:03,12.89,73700,12.9,D
sz002532,天山铝业,2025-10-24 09:51:06,12.89,18500,12.89,D
sz002532,天山铝业,2025-10-24 09:51:12,12.9,25900,12.89,U
sz002532,天山铝业,2025-10-24 09:51:15,12.9,51300,12.9,U
sz002532,天山铝业,2025-10-24 09:51:18,12.89,17800,12.9,D
sz002532,天山铝业,2025-10-24 09:51:21,12.88,44500,12.89,D
sz002532,天山铝业,2025-10-24 09:51:27,12.88,15700,12.89,D
sz002532,天山铝业,2025-10-24 09:51:30,12.88,45200,12.88,D
sz002532,天山铝业,2025-10-24 09:51:33,12.87,16300,12.88,D
sz002532,天山铝业,2025-10-24 09:51:36,12.87,17600,12.87,D
sz002532,天山铝业,2025-10-24 09:51:42,12.86,26600,12.87,D
sz002532,天山铝业,2025-10-24 09:51:51,12.86,90000,12.86,U
sz002532,天山铝业,2025-10-24 09:51:54,12.85,31300,12.86,D
sz002532,天山铝业,2025-10-24 09:51:57,12.85,17800,12.85,U
sz002532,天山铝业,2025-10-24 09:52:00,12.85,17900,12.85,U
sz002532,天山铝业,2025-10-24 09:52:03,12.83,18500,12.85,D
sz002532,天山铝业,2025-10-24 09:52:06,12.83,20200,12.83,D
sz002532,天山铝业,2025-10-24 09:52:09,12.83,27200,12.83,D
sz002532,天山铝业,2025-10-24 09:52:12,12.83,25800,12.83,D
sz002532,天山铝业,2025-10-24 09:52:15,12.83,26400,12.83,D
sz002532,天山铝业,2025-10-24 09:52:24,12.84,54800,12.84,U
sz002532,天山铝业,2025-10-24 09:52:27,12.83,17600,12.84,D
sz002532,天山铝业,2025-10-24 09:52:30,12.84,26400,12.83,U
sz002532,天山铝业,2025-10-24 09:52:33,12.84,19800,12.84,U
sz002532,天山铝业,2025-10-24 09:52:36,12.83,26600,12.84,D
sz002532,天山铝业,2025-10-24 09:52:45,12.84,16000,12.83,D
sz002532,天山铝业,2025-10-24 09:52:48,12.85,20700,12.84,U
sz002532,天山铝业,2025-10-24 09:52:54,12.84,32100,12.84,D
sz002532,天山铝业,2025-10-24 09:53:00,12.84,22600,12.85,D
sz002532,天山铝业,2025-10-24 09:53:03,12.84,17000,12.84,D
sz002532,天山铝业,2025-10-24 09:53:06,12.84,27900,12.84,D
sz002532,天山铝业,2025-10-24 09:53:30,12.84,120800,12.85,D
sz002532,天山铝业,2025-10-24 09:53:33,12.84,57000,12.84,U
sz002532,天山铝业,2025-10-24 09:53:36,12.84,17000,12.84,U
sz002532,天山铝业,2025-10-24 09:53:48,12.84,114400,12.83,U
sz002532,天山铝业,2025-10-24 09:53:54,12.85,64600,12.84,U
sz002532,天山铝业,2025-10-24 09:54:00,12.83,75500,12.84,D
sz002532,天山铝业,2025-10-24 09:54:06,12.84,26000,12.84,D
sz002532,天山铝业,2025-10-24 09:54:09,12.85,21100,12.84,U
sz002532,天山铝业,2025-10-24 09:54:18,12.85,23700,12.85,D
sz002532,天山铝业,2025-10-24 09:54:21,12.85,45900,12.85,U
sz002532,天山铝业,2025-10-24 09:54:24,12.84,44100,12.85,E
sz002532,天山铝业,2025-10-24 09:54:27,12.83,26100,12.84,E
sz002532,天山铝业,2025-10-24 09:54:30,12.83,23600,12.83,U
sz002532,天山铝业,2025-10-24 09:54:42,12.84,24800,12.84,U
sz002532,天山铝业,2025-10-24 09:54:45,12.84,35400,12.84,U
sz002532,天山铝业,2025-10-24 09:54:51,12.84,26100,12.83,U
sz002532,天山铝业,2025-10-24 09:55:06,12.84,19200,12.85,D
sz002532,天山铝业,2025-10-24 09:55:09,12.86,38800,12.84,U
sz002532,天山铝业,2025-10-24 09:55:24,12.88,23200,12.87,U
sz002532,天山铝业,2025-10-24 09:55:27,12.88,116500,12.88,U
sz002532,天山铝业,2025-10-24 09:55:30,12.88,20500,12.88,D
sz002532,天山铝业,2025-10-24 09:55:33,12.9,18200,12.88,U
sz002532,天山铝业,2025-10-24 09:55:36,12.9,19900,12.9,D
sz002532,天山铝业,2025-10-24 09:55:45,12.91,43600,12.91,D
sz002532,天山铝业,2025-10-24 09:55:51,12.92,17700,12.92,E
sz002532,天山铝业,2025-10-24 09:55:54,12.92,58800,12.92,E
sz002532,天山铝业,2025-10-24 09:55:57,12.92,17600,12.92,U
sz002532,天山铝业,2025-10-24 09:56:00,12.91,40200,12.92,E
sz002532,天山铝业,2025-10-24 09:56:03,12.91,25700,12.91,U
sz002532,天山铝业,2025-10-24 09:56:06,12.91,16900,12.91,U
sz002532,天山铝业,2025-10-24 09:56:09,12.91,28500,12.91,U
sz002532,天山铝业,2025-10-24 09:56:15,12.91,19300,12.89,U
sz002532,天山铝业,2025-10-24 09:56:21,12.89,26500,12.9,D
sz002532,天山铝业,2025-10-24 09:56:30,12.88,17600,12.89,D
sz002532,天山铝业,2025-10-24 09:56:36,12.88,19300,12.89,D
sz002532,天山铝业,2025-10-24 09:56:42,12.89,16300,12.89,U
sz002532,天山铝业,2025-10-24 09:56:51,12.89,107900,12.9,D
sz002532,天山铝业,2025-10-24 09:56:57,12.88,35300,12.89,U
sz002532,天山铝业,2025-10-24 09:57:03,12.88,23400,12.87,U
sz002532,天山铝业,2025-10-24 09:57:06,12.86,27700,12.88,D
sz002532,天山铝业,2025-10-24 09:57:09,12.85,15800,12.86,D
sz002532,天山铝业,2025-10-24 09:57:15,12.85,39700,12.86,D
sz002532,天山铝业,2025-10-24 09:57:21,12.86,87200,12.85,U
sz002532,天山铝业,2025-10-24 09:57:24,12.86,32500,12.86,U
sz002532,天山铝业,2025-10-24 09:57:30,12.84,90100,12.86,D
sz002532,天山铝业,2025-10-24 09:57:33,12.87,30400,12.84,U
sz002532,天山铝业,2025-10-24 09:57:36,12.85,33100,12.87,D
sz002532,天山铝业,2025-10-24 09:57:42,12.85,16400,12.86,D
sz002532,天山铝业,2025-10-24 09:57:48,12.85,71000,12.86,D
sz002532,天山铝业,2025-10-24 09:57:54,12.85,58300,12.85,D
sz002532,天山铝业,2025-10-24 09:57:57,12.87,30600,12.85,U
sz002532,天山铝业,2025-10-24 09:58:12,12.85,27700,12.85,D
sz002532,天山铝业,2025-10-24 09:58:18,12.86,31300,12.86,D
sz002532,天山铝业,2025-10-24 09:58:21,12.86,23866,12.86,D
sz002532,天山铝业,2025-10-24 09:58:42,12.87,25900,12.86,U
sz002532,天山铝业,2025-10-24 09:58:48,12.89,32900,12.87,U
sz002532,天山铝业,2025-10-24 09:59:06,12.89,19100,12.9,D
sz002532,天山铝业,2025-10-24 09:59:12,12.88,27200,12.88,U
sz002532,天山铝业,2025-10-24 09:59:18,12.89,47500,12.88,U
sz002532,天山铝业,2025-10-24 09:59:21,12.88,19700,12.89,D
sz002532,天山铝业,2025-10-24 09:59:33,12.88,38900,12.88,E
sz002532,天山铝业,2025-10-24 09:59:36,12.88,16300,12.88,U
sz002532,天山铝业,2025-10-24 09:59:45,12.87,56900,12.87,U
sz002532,天山铝业,2025-10-24 09:59:48,12.85,30500,12.87,D
sz002532,天山铝业,2025-10-24 10:00:12,12.89,62900,12.87,U
sz002532,天山铝业,2025-10-24 10:00:18,12.9,35800,12.9,E
sz002532,天山铝业,2025-10-24 10:00:30,12.9,21100,12.9,U
sz002532,天山铝业,2025-10-24 10:00:33,12.89,22300,12.9,D
sz002532,天山铝业,2025-10-24 10:00:42,12.89,23700,12.89,U
sz002532,天山铝业,2025-10-24 10:00:48,12.87,30700,12.89,D
sz002532,天山铝业,2025-10-24 10:01:00,12.89,20300,12.89,U
sz002532,天山铝业,2025-10-24 10:01:18,12.86,42300,12.86,D
sz002532,天山铝业,2025-10-24 10:01:48,12.87,80700,12.86,U
sz002532,天山铝业,2025-10-24 10:01:57,12.85,89900,12.87,D
sz002532,天山铝业,2025-10-24 10:02:15,12.87,29300,12.85,U
sz002532,天山铝业,2025-10-24 10:02:18,12.85,32300,12.87,D
sz002532,天山铝业,2025-10-24 10:02:27,12.85,22400,12.85,D
sz002532,天山铝业,2025-10-24 10:02:36,12.84,35600,12.85,D
sz002532,天山铝业,2025-10-24 10:02:48,12.84,44600,12.84,D
sz002532,天山铝业,2025-10-24 10:02:51,12.85,129000,12.84,U
sz002532,天山铝业,2025-10-24 10:02:54,12.86,17800,12.85,U
sz002532,天山铝业,2025-10-24 10:03:03,12.83,82400,12.85,D
sz002532,天山铝业,2025-10-24 10:03:09,12.83,18800,12.83,D
sz002532,天山铝业,2025-10-24 10:03:18,12.82,37800,12.82,D
sz002532,天山铝业,2025-10-24 10:03:21,12.83,32100,12.82,E
sz002532,天山铝业,2025-10-24 10:03:24,12.82,67600,12.83,D
sz002532,天山铝业,2025-10-24 10:03:30,12.84,51100,12.84,E
sz002532,天山铝业,2025-10-24 10:03:36,12.82,46900,12.85,D
sz002532,天山铝业,2025-10-24 10:03:45,12.83,17000,12.83,D
sz002532,天山铝业,2025-10-24 10:03:48,12.83,36400,12.83,D
sz002532,天山铝业,2025-10-24 10:04:00,12.82,104600,12.82,D
sz002532,天山铝业,2025-10-24 10:04:06,12.82,48700,12.81,U
sz002532,天山铝业,2025-10-24 10:04:18,12.8,48400,12.81,D
sz002532,天山铝业,2025-10-24 10:04:21,12.81,27800,12.8,D
sz002532,天山铝业,2025-10-24 10:04:24,12.82,30100,12.81,E
sz002532,天山铝业,2025-10-24 10:04:30,12.82,54400,12.82,D
sz002532,天山铝业,2025-10-24 10:04:42,12.81,28700,12.81,D
sz002532,天山铝业,2025-10-24 10:04:48,12.82,67800,12.83,D
sz002532,天山铝业,2025-10-24 10:05:06,12.82,30500,12.82,U
sz002532,天山铝业,2025-10-24 10:05:09,12.87,210000,12.82,U
sz002532,天山铝业,2025-10-24 10:05:18,12.85,33800,12.86,D
sz002532,天山铝业,2025-10-24 10:05:36,12.83,23200,12.83,D
sz002532,天山铝业,2025-10-24 10:05:39,12.83,19600,12.83,D
sz002532,天山铝业,2025-10-24 10:05:48,12.83,28600,12.84,D
sz002532,天山铝业,2025-10-24 10:05:51,12.84,16800,12.83,U
sz002532,天山铝业,2025-10-24 10:06:12,12.82,48400,12.83,D
sz002532,天山铝业,2025-10-24 10:06:18,12.81,30400,12.82,D
sz002532,天山铝业,2025-10-24 10:06:21,12.81,18100,12.81,D
sz002532,天山铝业,2025-10-24 10:06:24,12.82,44800,12.81,U
sz002532,天山铝业,2025-10-24 10:06:27,12.81,31400,12.82,D
sz002532,天山铝业,2025-10-24 10:06:36,12.8,65600,12.81,D
sz002532,天山铝业,2025-10-24 10:06:42,12.82,26700,12.81,U
sz002532,天山铝业,2025-10-24 10:06:48,12.81,27000,12.81,D
sz002532,天山铝业,2025-10-24 10:06:51,12.82,42700,12.81,U
sz002532,天山铝业,2025-10-24 10:07:12,12.81,48200,12.81,U
sz002532,天山铝业,2025-10-24 10:07:18,12.81,78100,12.8,U
sz002532,天山铝业,2025-10-24 10:07:24,12.8,23600,12.8,D
sz002532,天山铝业,2025-10-24 10:07:30,12.79,16000,12.8,D
sz002532,天山铝业,2025-10-24 10:07:36,12.8,26500,12.79,U
sz002532,天山铝业,2025-10-24 10:07:39,12.8,16000,12.8,D
sz002532,天山铝业,2025-10-24 10:07:42,12.82,228703,12.8,U
sz002532,天山铝业,2025-10-24 10:07:45,12.81,25800,12.82,D
sz002532,天山铝业,2025-10-24 10:07:48,12.8,18600,12.81,D
sz002532,天山铝业,2025-10-24 10:07:51,12.81,35600,12.8,E
sz002532,天山铝业,2025-10-24 10:08:03,12.8,46600,12.8,D
sz002532,天山铝业,2025-10-24 10:08:12,12.78,105200,12.78,D
sz002532,天山铝业,2025-10-24 10:08:18,12.78,46700,12.78,D
sz002532,天山铝业,2025-10-24 10:08:21,12.8,113600,12.78,U
sz002532,天山铝业,2025-10-24 10:08:27,12.8,79400,12.79,E
sz002532,天山铝业,2025-10-24 10:08:30,12.81,20300,12.8,E
sz002532,天山铝业,2025-10-24 10:08:36,12.8,23500,12.8,D
sz002532,天山铝业,2025-10-24 10:08:48,12.79,95200,12.8,D
sz002532,天山铝业,2025-10-24 10:08:54,12.79,28900,12.81,D
sz002532,天山铝业,2025-10-24 10:08:57,12.79,55700,12.79,D
sz002532,天山铝业,2025-10-24 10:09:00,12.79,51100,12.79,U
sz002532,天山铝业,2025-10-24 10:09:03,12.78,25300,12.79,D
sz002532,天山铝业,2025-10-24 10:09:06,12.78,36900,12.78,D
sz002532,天山铝业,2025-10-24 10:09:09,12.8,112700,12.78,U
sz002532,天山铝业,2025-10-24 10:09:18,12.82,21500,12.8,U
sz002532,天山铝业,2025-10-24 10:09:24,12.82,106000,12.82,D
sz002532,天山铝业,2025-10-24 10:09:30,12.81,99300,12.82,D
sz002532,天山铝业,2025-10-24 10:09:42,12.82,16400,12.82,U
sz002532,天山铝业,2025-10-24 10:09:48,12.82,22800,12.81,U
sz002532,天山铝业,2025-10-24 10:09:51,12.82,18700,12.82,D
sz002532,天山铝业,2025-10-24 10:10:09,12.84,81600,12.84,U
sz002532,天山铝业,2025-10-24 10:10:36,12.84,27000,12.83,U
sz002532,天山铝业,2025-10-24 10:10:48,12.83,25700,12.84,D
sz002532,天山铝业,2025-10-24 10:11:03,12.85,31400,12.83,U
sz002532,天山铝业,2025-10-24 10:11:54,12.85,81400,12.85,U
sz002532,天山铝业,2025-10-24 10:12:00,12.84,21600,12.84,D
sz002532,天山铝业,2025-10-24 10:12:36,12.84,21500,12.84,D
sz002532,天山铝业,2025-10-24 10:12:39,12.84,22800,12.84,D
sz002532,天山铝业,2025-10-24 10:13:42,12.83,38100,12.83,D
sz002532,天山铝业,2025-10-24 10:14:00,12.81,17900,12.81,D
sz002532,天山铝业,2025-10-24 10:14:03,12.8,32801,12.81,D
sz002532,天山铝业,2025-10-24 10:14:09,12.8,76600,12.8,D
sz002532,天山铝业,2025-10-24 10:14:12,12.79,70900,12.8,D
sz002532,天山铝业,2025-10-24 10:14:21,12.79,16000,12.79,D
sz002532,天山铝业,2025-10-24 10:14:24,12.77,220300,12.79,D
sz002532,天山铝业,2025-10-24 10:14:27,12.77,45900,12.77,D
sz002532,天山铝业,2025-10-24 10:14:33,12.78,27500,12.77,U
sz002532,天山铝业,2025-10-24 10:14:39,12.78,18500,12.77,U
sz002532,天山铝业,2025-10-24 10:14:45,12.77,58857,12.77,D
sz002532,天山铝业,2025-10-24 10:14:57,12.77,41843,12.78,D
sz002532,天山铝业,2025-10-24 10:15:03,12.77,24200,12.78,D
sz002532,天山铝业,2025-10-24 10:15:06,12.77,63300,12.77,D
sz002532,天山铝业,2025-10-24 10:15:09,12.77,34800,12.77,D
sz002532,天山铝业,2025-10-24 10:15:12,12.78,24900,12.77,U
sz002532,天山铝业,2025-10-24 10:15:18,12.77,51900,12.78,D
sz002532,天山铝业,2025-10-24 10:15:21,12.77,37897,12.77,D
sz002532,天山铝业,2025-10-24 10:15:30,12.76,49200,12.76,D
sz002532,天山铝业,2025-10-24 10:15:33,12.75,67300,12.76,D
sz002532,天山铝业,2025-10-24 10:15:36,12.73,62000,12.75,D
sz002532,天山铝业,2025-10-24 10:15:39,12.74,25000,12.73,E
sz002532,天山铝业,2025-10-24 10:15:42,12.75,36700,12.74,U
sz002532,天山铝业,2025-10-24 10:15:45,12.75,265233,12.75,E
sz002532,天山铝业,2025-10-24 10:15:48,12.74,78500,12.75,D
sz002532,天山铝业,2025-10-24 10:15:57,12.75,27100,12.75,D
sz002532,天山铝业,2025-10-24 10:16:00,12.75,46100,12.75,D
sz002532,天山铝业,2025-10-24 10:16:03,12.74,153600,12.75,D
sz002532,天山铝业,2025-10-24 10:16:06,12.76,43100,12.74,E
sz002532,天山铝业,2025-10-24 10:16:12,12.74,79300,12.76,D
sz002532,天山铝业,2025-10-24 10:16:15,12.77,19500,12.74,E
sz002532,天山铝业,2025-10-24 10:16:21,12.76,24800,12.77,D
sz002532,天山铝业,2025-10-24 10:16:33,12.75,65100,12.77,D
sz002532,天山铝业,2025-10-24 10:17:12,12.72,75600,12.72,D
sz002532,天山铝业,2025-10-24 10:17:15,12.73,39800,12.72,E
sz002532,天山铝业,2025-10-24 10:17:21,12.73,71900,12.75,D
sz002532,天山铝业,2025-10-24 10:17:33,12.74,29900,12.74,D
sz002532,天山铝业,2025-10-24 10:17:54,12.73,49300,12.73,D
sz002532,天山铝业,2025-10-24 10:18:09,12.73,22500,12.73,D
sz002532,天山铝业,2025-10-24 10:18:15,12.73,24800,12.73,D
sz002532,天山铝业,2025-10-24 10:18:39,12.73,34500,12.73,D
sz002532,天山铝业,2025-10-24 10:18:42,12.74,22100,12.73,U
sz002532,天山铝业,2025-10-24 10:19:00,12.71,504000,12.73,D
sz002532,天山铝业,2025-10-24 10:19:03,12.72,38800,12.71,U
sz002532,天山铝业,2025-10-24 10:19:06,12.68,44400,12.72,D
sz002532,天山铝业,2025-10-24 10:19:09,12.71,20700,12.68,U
sz002532,天山铝业,2025-10-24 10:19:18,12.69,48000,12.69,D
sz002532,天山铝业,2025-10-24 10:19:21,12.68,38500,12.69,D
sz002532,天山铝业,2025-10-24 10:19:24,12.68,23800,12.68,D
sz002532,天山铝业,2025-10-24 10:19:27,12.68,31500,12.68,D
sz002532,天山铝业,2025-10-24 10:19:36,12.69,51200,12.67,U
sz002532,天山铝业,2025-10-24 10:19:42,12.67,36900,12.67,D
sz002532,天山铝业,2025-10-24 10:19:45,12.65,56100,12.67,D
sz002532,天山铝业,2025-10-24 10:19:48,12.67,129100,12.65,E
sz002532,天山铝业,2025-10-24 10:19:51,12.67,74600,12.67,D
sz002532,天山铝业,2025-10-24 10:19:54,12.67,61200,12.67,D
sz002532,天山铝业,2025-10-24 10:20:03,12.67,38700,12.67,E
sz002532,天山铝业,2025-10-24 10:20:18,12.69,20400,12.67,U
sz002532,天山铝业,2025-10-24 10:20:21,12.7,27300,12.69,U
sz002532,天山铝业,2025-10-24 10:20:27,12.69,17787,12.69,D
sz002532,天山铝业,2025-10-24 10:20:42,12.68,24000,12.69,D
sz002532,天山铝业,2025-10-24 10:21:00,12.68,18400,12.69,D
sz002532,天山铝业,2025-10-24 10:21:03,12.69,23100,12.68,U
sz002532,天山铝业,2025-10-24 10:21:06,12.7,71800,12.69,U
sz002532,天山铝业,2025-10-24 10:21:09,12.72,18500,12.7,U
sz002532,天山铝业,2025-10-24 10:21:12,12.72,35100,12.72,U
sz002532,天山铝业,2025-10-24 10:21:18,12.7,30700,12.71,D
sz002532,天山铝业,2025-10-24 10:21:30,12.72,19400,12.7,U
sz002532,天山铝业,2025-10-24 10:21:33,12.72,24600,12.72,D
sz002532,天山铝业,2025-10-24 10:21:48,12.7,23500,12.72,D
sz002532,天山铝业,2025-10-24 10:22:03,12.69,27300,12.7,D
sz002532,天山铝业,2025-10-24 10:22:06,12.69,75500,12.69,D
sz002532,天山铝业,2025-10-24 10:22:15,12.7,20000,12.7,U
sz002532,天山铝业,2025-10-24 10:22:21,12.68,56500,12.69,D
sz002532,天山铝业,2025-10-24 10:22:36,12.69,39100,12.69,U
sz002532,天山铝业,2025-10-24 10:22:39,12.69,40200,12.69,D
sz002532,天山铝业,2025-10-24 10:22:48,12.69,56100,12.68,U
sz002532,天山铝业,2025-10-24 10:23:00,12.73,18300,12.7,U
sz002532,天山铝业,2025-10-24 10:23:03,12.72,61700,12.73,E
sz002532,天山铝业,2025-10-24 10:23:12,12.72,16100,12.72,D
sz002532,天山铝业,2025-10-24 10:23:18,12.7,21400,12.72,D
sz002532,天山铝业,2025-10-24 10:23:54,12.77,15700,12.76,U
sz002532,天山铝业,2025-10-24 10:24:33,12.81,97600,12.79,U
sz002532,天山铝业,2025-10-24 10:24:48,12.83,18000,12.83,U
sz002532,天山铝业,2025-10-24 10:25:12,12.84,23000,12.84,U
sz002532,天山铝业,2025-10-24 10:25:21,12.84,24600,12.83,E
sz002532,天山铝业,2025-10-24 10:25:27,12.84,27900,12.86,D
sz002532,天山铝业,2025-10-24 10:25:42,12.83,15900,12.82,E
sz002532,天山铝业,2025-10-24 10:25:45,12.82,19300,12.83,D
sz002532,天山铝业,2025-10-24 10:25:54,12.85,15600,12.85,U
sz002532,天山铝业,2025-10-24 10:26:03,12.84,29100,12.84,U
sz002532,天山铝业,2025-10-24 10:26:36,12.84,27700,12.83,U
sz002532,天山铝业,2025-10-24 10:26:39,12.84,22800,12.84,U
sz002532,天山铝业,2025-10-24 10:26:51,12.82,55600,12.84,D
sz002532,天山铝业,2025-10-24 10:26:57,12.84,16000,12.86,E
sz002532,天山铝业,2025-10-24 10:27:15,12.86,40800,12.85,U
sz002532,天山铝业,2025-10-24 10:27:21,12.85,52000,12.85,U
sz002532,天山铝业,2025-10-24 10:27:54,12.86,77300,12.85,U
sz002532,天山铝业,2025-10-24 10:28:00,12.85,23100,12.84,E
sz002532,天山铝业,2025-10-24 10:28:06,12.84,61400,12.85,D
sz002532,天山铝业,2025-10-24 10:28:42,12.84,39800,12.85,D
sz002532,天山铝业,2025-10-24 10:28:45,12.85,52400,12.84,U
sz002532,天山铝业,2025-10-24 10:28:48,12.85,22200,12.85,U
sz002532,天山铝业,2025-10-24 10:29:27,12.83,22100,12.83,D
sz002532,天山铝业,2025-10-24 10:29:33,12.83,16200,12.83,U
sz002532,天山铝业,2025-10-24 10:29:42,12.82,21300,12.83,D
sz002532,天山铝业,2025-10-24 10:31:39,12.81,17700,12.81,D
sz002532,天山铝业,2025-10-24 10:31:45,12.81,23600,12.81,D
sz002532,天山铝业,2025-10-24 10:32:12,12.81,50400,12.79,U
sz002532,天山铝业,2025-10-24 10:33:24,12.8,18799,12.81,D
sz002532,天山铝业,2025-10-24 10:33:36,12.8,25001,12.8,D
sz002532,天山铝业,2025-10-24 10:37:12,12.82,30600,12.79,U
sz002532,天山铝业,2025-10-24 10:37:36,12.83,33800,12.83,D
sz002532,天山铝业,2025-10-24 10:37:39,12.87,260300,12.83,U
sz002532,天山铝业,2025-10-24 10:37:42,12.87,42200,12.87,D
sz002532,天山铝业,2025-10-24 10:37:45,12.87,20500,12.87,U
sz002532,天山铝业,2025-10-24 10:37:51,12.87,16200,12.87,U
sz002532,天山铝业,2025-10-24 10:37:54,12.83,31000,12.87,D
sz002532,天山铝业,2025-10-24 10:38:39,12.84,50300,12.85,D
sz002532,天山铝业,2025-10-24 10:39:09,12.86,125700,12.86,D
sz002532,天山铝业,2025-10-24 10:39:12,12.85,35900,12.86,D
sz002532,天山铝业,2025-10-24 10:39:27,12.88,20700,12.87,D
sz002532,天山铝业,2025-10-24 10:39:33,12.88,18900,12.88,D
sz002532,天山铝业,2025-10-24 10:39:39,12.88,39100,12.89,D
sz002532,天山铝业,2025-10-24 10:40:00,12.85,20300,12.84,U
sz002532,天山铝业,2025-10-24 10:40:45,12.85,24400,12.84,U
sz002532,天山铝业,2025-10-24 10:41:51,12.86,17800,12.85,U
sz002532,天山铝业,2025-10-24 10:42:06,12.85,25800,12.87,D
sz002532,天山铝业,2025-10-24 10:42:33,12.84,19300,12.83,U
sz002532,天山铝业,2025-10-24 10:43:30,12.8,21500,12.82,D
sz002532,天山铝业,2025-10-24 10:43:48,12.8,66300,12.81,D
sz002532,天山铝业,2025-10-24 10:43:51,12.8,42200,12.8,U
sz002532,天山铝业,2025-10-24 10:43:57,12.8,17200,12.81,D
sz002532,天山铝业,2025-10-24 10:44:27,12.82,20600,12.82,D
sz002532,天山铝业,2025-10-24 10:44:45,12.81,16500,12.82,D
sz002532,天山铝业,2025-10-24 10:45:45,12.8,50100,12.81,D
sz002532,天山铝业,2025-10-24 10:45:48,12.81,17500,12.8,U
sz002532,天山铝业,2025-10-24 10:46:27,12.8,27300,12.79,U
sz002532,天山铝业,2025-10-24 10:46:36,12.78,17600,12.78,D
sz002532,天山铝业,2025-10-24 10:46:54,12.78,58300,12.78,U
sz002532,天山铝业,2025-10-24 10:46:57,12.77,15900,12.78,D
sz002532,天山铝业,2025-10-24 10:49:12,12.8,23900,12.79,U
sz002532,天山铝业,2025-10-24 10:49:30,12.8,17700,12.81,D
sz002532,天山铝业,2025-10-24 10:50:51,12.85,18100,12.8,U
sz002532,天山铝业,2025-10-24 10:51:18,12.83,52100,12.83,D
sz002532,天山铝业,2025-10-24 10:52:33,12.82,21900,12.81,U
sz002532,天山铝业,2025-10-24 10:53:39,12.86,62100,12.82,U
sz002532,天山铝业,2025-10-24 10:53:42,12.86,20400,12.86,U
sz002532,天山铝业,2025-10-24 10:54:09,12.87,25700,12.86,U
sz002532,天山铝业,2025-10-24 10:54:27,12.84,15700,12.82,U
sz002532,天山铝业,2025-10-24 10:56:06,12.87,21000,12.87,D
sz002532,天山铝业,2025-10-24 10:56:42,12.89,51400,12.85,U
sz002532,天山铝业,2025-10-24 10:58:06,12.88,23000,12.88,U
sz002532,天山铝业,2025-10-24 10:59:15,12.85,18300,12.86,D
sz002532,天山铝业,2025-10-24 11:02:27,12.8,72300,12.83,D
sz002532,天山铝业,2025-10-24 11:02:51,12.82,41700,12.82,D
sz002532,天山铝业,2025-10-24 11:06:03,12.78,122500,12.8,D
sz002532,天山铝业,2025-10-24 11:06:06,12.81,50700,12.78,U
sz002532,天山铝业,2025-10-24 11:06:30,12.81,26100,12.81,D
sz002532,天山铝业,2025-10-24 11:07:48,12.8,157400,12.8,D
sz002532,天山铝业,2025-10-24 11:08:03,12.81,110800,12.8,U
sz002532,天山铝业,2025-10-24 11:14:03,12.85,50300,12.82,U
sz002532,天山铝业,2025-10-24 11:17:00,12.83,16400,12.85,D
sz002532,天山铝业,2025-10-24 11:17:03,12.85,52300,12.83,U
sz002532,天山铝业,2025-10-24 11:17:57,12.84,27900,12.82,U
sz002532,天山铝业,2025-10-24 11:18:09,12.85,19700,12.84,U
sz002532,天山铝业,2025-10-24 11:18:21,12.86,26500,12.85,U
sz002532,天山铝业,2025-10-24 11:20:12,12.89,50000,12.85,U
sz002532,天山铝业,2025-10-24 11:23:30,12.87,18000,12.87,U
sz002532,天山铝业,2025-10-24 11:25:15,12.9,21000,12.88,U
sz002532,天山铝业,2025-10-24 11:25:21,12.89,56500,12.89,D
sz002532,天山铝业,2025-10-24 11:25:48,12.91,28900,12.92,E
sz002532,天山铝业,2025-10-24 11:27:09,12.92,19800,12.92,U
sz002532,天山铝业,2025-10-24 11:27:12,12.92,56700,12.92,U
sz002532,天山铝业,2025-10-24 11:28:24,12.91,57300,12.91,D
sz002532,天山铝业,2025-10-24 11:28:27,12.89,56900,12.91,D
sz002532,天山铝业,2025-10-24 11:28:48,12.89,17700,12.9,D
sz002532,天山铝业,2025-10-24 11:29:03,12.9,18600,12.9,U
sz002532,天山铝业,2025-10-24 13:00:00,12.91,35800,12.9,U
sz002532,天山铝业,2025-10-24 13:00:03,12.92,73200,12.91,U
sz002532,天山铝业,2025-10-24 13:00:06,12.89,16300,12.92,D
sz002532,天山铝业,2025-10-24 13:00:36,12.86,205500,12.88,D
sz002532,天山铝业,2025-10-24 13:00:39,12.86,101000,12.86,U
sz002532,天山铝业,2025-10-24 13:00:42,12.86,45000,12.86,U
sz002532,天山铝业,2025-10-24 13:03:30,12.87,34800,12.87,D
sz002532,天山铝业,2025-10-24 13:04:18,12.84,27900,12.85,D
sz002532,天山铝业,2025-10-24 13:06:30,12.85,50900,12.85,D
sz002532,天山铝业,2025-10-24 13:06:54,12.84,38000,12.85,D
sz002532,天山铝业,2025-10-24 13:07:03,12.83,49400,12.85,D
sz002532,天山铝业,2025-10-24 13:07:30,12.83,15700,12.82,D
sz002532,天山铝业,2025-10-24 13:08:09,12.86,18200,12.85,U
sz002532,天山铝业,2025-10-24 13:08:15,12.86,19900,12.86,D
sz002532,天山铝业,2025-10-24 13:08:24,12.84,157300,12.86,D
sz002532,天山铝业,2025-10-24 13:08:33,12.85,30600,12.87,D
sz002532,天山铝业,2025-10-24 13:08:36,12.85,30200,12.85,D
sz002532,天山铝业,2025-10-24 13:09:54,12.85,18100,12.86,D
sz002532,天山铝业,2025-10-24 13:10:33,12.86,26500,12.83,U
sz002532,天山铝业,2025-10-24 13:12:42,12.86,16300,12.85,U
sz002532,天山铝业,2025-10-24 13:14:12,12.88,41200,12.86,U
sz002532,天山铝业,2025-10-24 13:14:45,12.89,46100,12.88,U
sz002532,天山铝业,2025-10-24 13:14:54,12.87,32900,12.92,D
sz002532,天山铝业,2025-10-24 13:16:45,12.94,39800,12.94,D
sz002532,天山铝业,2025-10-24 13:17:12,12.95,28200,12.94,U
sz002532,天山铝业,2025-10-24 13:17:48,12.98,32500,12.98,U
sz002532,天山铝业,2025-10-24 13:17:57,12.99,21000,12.99,U
sz002532,天山铝业,2025-10-24 13:18:09,12.98,28900,12.99,D
sz002532,天山铝业,2025-10-24 13:19:21,12.98,25300,12.98,U
sz002532,天山铝业,2025-10-24 13:19:36,12.98,30200,12.99,D
sz002532,天山铝业,2025-10-24 13:19:51,13.0,47800,13.0,U
sz002532,天山铝业,2025-10-24 13:19:54,13.01,40300,13.0,U
sz002532,天山铝业,2025-10-24 13:20:00,13.01,91300,13.01,D
sz002532,天山铝业,2025-10-24 13:20:03,13.02,16600,13.01,U
sz002532,天山铝业,2025-10-24 13:20:06,13.02,28900,13.02,D
sz002532,天山铝业,2025-10-24 13:20:15,13.05,40900,13.04,U
sz002532,天山铝业,2025-10-24 13:20:21,13.05,39400,13.05,D
sz002532,天山铝业,2025-10-24 13:20:24,13.05,15900,13.05,U
sz002532,天山铝业,2025-10-24 13:20:33,13.02,109500,13.05,D
sz002532,天山铝业,2025-10-24 13:20:57,13.0,26200,13.01,D
sz002532,天山铝业,2025-10-24 13:21:00,13.01,28100,13.0,U
sz002532,天山铝业,2025-10-24 13:21:12,12.98,41600,12.99,D
sz002532,天山铝业,2025-10-24 13:21:18,12.99,26800,12.98,U
sz002532,天山铝业,2025-10-24 13:21:27,12.98,17100,12.97,U
sz002532,天山铝业,2025-10-24 13:22:36,13.0,50000,12.99,U
sz002532,天山铝业,2025-10-24 13:22:39,13.01,90500,13.0,U
sz002532,天山铝业,2025-10-24 13:22:42,13.01,19400,13.01,D
sz002532,天山铝业,2025-10-24 13:22:57,13.0,16000,12.99,U
sz002532,天山铝业,2025-10-24 13:23:33,12.98,51300,12.97,U
sz002532,天山铝业,2025-10-24 13:23:48,12.98,21800,12.98,D
sz002532,天山铝业,2025-10-24 13:25:03,13.02,16500,13.02,U
sz002532,天山铝业,2025-10-24 13:25:12,13.02,16100,13.02,D
sz002532,天山铝业,2025-10-24 13:25:54,13.01,21000,13.02,D
sz002532,天山铝业,2025-10-24 13:26:03,13.05,101000,13.02,U
sz002532,天山铝业,2025-10-24 13:26:09,13.03,24900,13.02,E
sz002532,天山铝业,2025-10-24 13:26:12,13.04,58700,13.03,E
sz002532,天山铝业,2025-10-24 13:26:30,13.07,34600,13.07,D
sz002532,天山铝业,2025-10-24 13:26:33,13.09,28200,13.07,U
sz002532,天山铝业,2025-10-24 13:26:48,13.05,64300,13.08,D
sz002532,天山铝业,2025-10-24 13:26:51,13.06,17500,13.05,E
sz002532,天山铝业,2025-10-24 13:27:09,13.07,31900,13.07,U
sz002532,天山铝业,2025-10-24 13:27:39,13.07,19500,13.07,U
sz002532,天山铝业,2025-10-24 13:27:57,13.06,61200,13.07,D
sz002532,天山铝业,2025-10-24 13:28:36,13.07,22900,13.07,D
sz002532,天山铝业,2025-10-24 13:29:00,13.05,36000,13.07,D
sz002532,天山铝业,2025-10-24 13:29:21,13.02,20500,13.04,D
sz002532,天山铝业,2025-10-24 13:29:27,13.03,29400,13.03,D
sz002532,天山铝业,2025-10-24 13:30:39,13.05,21900,13.04,U
sz002532,天山铝业,2025-10-24 13:30:42,13.04,44400,13.05,D
sz002532,天山铝业,2025-10-24 13:31:00,13.06,16000,13.06,D
sz002532,天山铝业,2025-10-24 13:31:48,13.06,32200,13.07,D
sz002532,天山铝业,2025-10-24 13:31:57,13.04,74900,13.07,D
sz002532,天山铝业,2025-10-24 13:32:00,13.04,19300,13.04,D
sz002532,天山铝业,2025-10-24 13:32:24,13.09,54900,13.05,U
sz002532,天山铝业,2025-10-24 13:32:27,13.08,26800,13.09,U
sz002532,天山铝业,2025-10-24 13:32:36,13.08,17300,13.08,U
sz002532,天山铝业,2025-10-24 13:33:00,13.06,18800,13.07,D
sz002532,天山铝业,2025-10-24 13:34:00,13.07,47800,13.1,D
sz002532,天山铝业,2025-10-24 13:34:12,13.09,28600,13.09,U
sz002532,天山铝业,2025-10-24 13:34:21,13.07,31600,13.06,U
sz002532,天山铝业,2025-10-24 13:34:45,13.06,23100,13.07,D
sz002532,天山铝业,2025-10-24 13:34:54,13.04,20500,13.06,D
sz002532,天山铝业,2025-10-24 13:35:03,13.04,34500,13.05,D
sz002532,天山铝业,2025-10-24 13:35:21,13.0,71300,13.02,D
sz002532,天山铝业,2025-10-24 13:36:00,13.0,94600,12.99,U
sz002532,天山铝业,2025-10-24 13:36:09,13.0,20600,13.02,D
sz002532,天山铝业,2025-10-24 13:36:21,13.01,42200,13.0,U
sz002532,天山铝业,2025-10-24 13:36:27,13.0,41350,13.0,D
sz002532,天山铝业,2025-10-24 13:37:12,13.0,28700,13.0,U
sz002532,天山铝业,2025-10-24 13:37:51,13.0,56900,13.01,D
sz002532,天山铝业,2025-10-24 13:38:12,13.01,20900,13.01,U
sz002532,天山铝业,2025-10-24 13:38:15,13.01,61300,13.01,U
sz002532,天山铝业,2025-10-24 13:38:42,13.04,27000,13.04,U
sz002532,天山铝业,2025-10-24 13:38:45,13.08,100000,13.04,U
sz002532,天山铝业,2025-10-24 13:39:09,13.03,22000,13.04,D
sz002532,天山铝业,2025-10-24 13:39:12,13.03,35000,13.03,U
sz002532,天山铝业,2025-10-24 13:39:33,13.03,15600,13.02,U
sz002532,天山铝业,2025-10-24 13:39:39,13.02,20300,13.03,D
sz002532,天山铝业,2025-10-24 13:40:00,13.0,168800,13.02,D
sz002532,天山铝业,2025-10-24 13:40:12,13.0,23700,13.0,U
sz002532,天山铝业,2025-10-24 13:40:39,13.05,33800,13.04,U
sz002532,天山铝业,2025-10-24 13:41:06,13.03,58000,13.04,D
sz002532,天山铝业,2025-10-24 13:41:54,13.03,26200,13.04,D
sz002532,天山铝业,2025-10-24 13:44:57,13.04,23100,13.04,U
sz002532,天山铝业,2025-10-24 13:45:24,13.06,23400,13.05,U
sz002532,天山铝业,2025-10-24 13:45:57,13.07,55900,13.07,D
sz002532,天山铝业,2025-10-24 13:46:27,13.09,25300,13.07,U
sz002532,天山铝业,2025-10-24 13:47:24,13.06,29000,13.07,D
sz002532,天山铝业,2025-10-24 13:48:21,13.06,289100,13.05,U
sz002532,天山铝业,2025-10-24 13:48:51,13.1,27200,13.09,U
sz002532,天山铝业,2025-10-24 13:49:03,13.1,64200,13.1,U
sz002532,天山铝业,2025-10-24 13:49:09,13.1,26100,13.09,U
sz002532,天山铝业,2025-10-24 13:49:18,13.1,36700,13.09,U
sz002532,天山铝业,2025-10-24 13:49:54,13.1,20600,13.1,D
sz002532,天山铝业,2025-10-24 13:50:18,13.09,16600,13.1,D
sz002532,天山铝业,2025-10-24 13:52:03,13.09,40000,13.08,U
sz002532,天山铝业,2025-10-24 13:52:18,13.09,22300,13.06,U
sz002532,天山铝业,2025-10-24 13:52:33,13.09,264200,13.08,U
sz002532,天山铝业,2025-10-24 13:52:36,13.07,75200,13.09,D
sz002532,天山铝业,2025-10-24 13:52:51,13.1,23600,13.09,U
sz002532,天山铝业,2025-10-24 13:53:00,13.11,20300,13.1,U
sz002532,天山铝业,2025-10-24 13:53:03,13.1,87300,13.11,D
sz002532,天山铝业,2025-10-24 13:53:12,13.11,36900,13.09,U
sz002532,天山铝业,2025-10-24 13:53:30,13.12,17400,13.11,U
sz002532,天山铝业,2025-10-24 13:53:39,13.11,15800,13.12,D
sz002532,天山铝业,2025-10-24 13:53:54,13.13,36000,13.12,U
sz002532,天山铝业,2025-10-24 13:54:03,13.13,15800,13.13,U
sz002532,天山铝业,2025-10-24 13:54:06,13.13,41100,13.13,U
sz002532,天山铝业,2025-10-24 13:54:18,13.14,81300,13.13,U
sz002532,天山铝业,2025-10-24 13:54:48,13.15,53500,13.15,U
sz002532,天山铝业,2025-10-24 13:54:51,13.15,65500,13.15,U
sz002532,天山铝业,2025-10-24 13:55:03,13.16,18600,13.16,U
sz002532,天山铝业,2025-10-24 13:55:12,13.17,15900,13.17,U
sz002532,天山铝业,2025-10-24 13:55:21,13.17,32300,13.17,U
sz002532,天山铝业,2025-10-24 13:55:24,13.17,16800,13.17,U
sz002532,天山铝业,2025-10-24 13:55:30,13.17,39000,13.17,U
sz002532,天山铝业,2025-10-24 13:56:00,13.19,136700,13.17,U
sz002532,天山铝业,2025-10-24 13:56:03,13.17,30800,13.19,D
sz002532,天山铝业,2025-10-24 13:56:15,13.17,18400,13.18,D
sz002532,天山铝业,2025-10-24 13:56:24,13.16,75300,13.17,D
sz002532,天山铝业,2025-10-24 13:56:27,13.17,34500,13.16,U
sz002532,天山铝业,2025-10-24 13:56:45,13.16,23000,13.16,D
sz002532,天山铝业,2025-10-24 13:56:57,13.16,19600,13.16,U
sz002532,天山铝业,2025-10-24 13:57:18,13.17,19000,13.16,U
sz002532,天山铝业,2025-10-24 13:57:27,13.17,15800,13.17,D
sz002532,天山铝业,2025-10-24 13:57:39,13.2,199900,13.18,U
sz002532,天山铝业,2025-10-24 13:57:45,13.2,19700,13.2,D
sz002532,天山铝业,2025-10-24 13:57:51,13.19,149700,13.21,D
sz002532,天山铝业,2025-10-24 13:57:54,13.19,62566,13.19,U
sz002532,天山铝业,2025-10-24 13:58:00,13.16,93234,13.2,D
sz002532,天山铝业,2025-10-24 13:58:03,13.16,22300,13.16,D
sz002532,天山铝业,2025-10-24 13:58:06,13.17,34500,13.16,U
sz002532,天山铝业,2025-10-24 13:58:24,13.19,17866,13.18,U
sz002532,天山铝业,2025-10-24 13:58:36,13.2,16900,13.19,U
sz002532,天山铝业,2025-10-24 13:58:39,13.19,26800,13.2,D
sz002532,天山铝业,2025-10-24 13:58:45,13.19,37700,13.19,D
sz002532,天山铝业,2025-10-24 13:58:54,13.19,34100,13.19,U
sz002532,天山铝业,2025-10-24 13:59:12,13.19,21100,13.19,U
sz002532,天山铝业,2025-10-24 13:59:18,13.19,26100,13.2,D
sz002532,天山铝业,2025-10-24 13:59:36,13.2,82300,13.19,U
sz002532,天山铝业,2025-10-24 13:59:39,13.2,21400,13.2,D
sz002532,天山铝业,2025-10-24 13:59:42,13.2,16200,13.2,D
sz002532,天山铝业,2025-10-24 13:59:48,13.21,17400,13.2,U
sz002532,天山铝业,2025-10-24 13:59:54,13.21,42800,13.21,U
sz002532,天山铝业,2025-10-24 13:59:57,13.2,18100,13.21,D
sz002532,天山铝业,2025-10-24 14:00:00,13.19,115900,13.2,D
sz002532,天山铝业,2025-10-24 14:00:03,13.18,63100,13.19,D
sz002532,天山铝业,2025-10-24 14:00:09,13.17,47000,13.17,D
sz002532,天山铝业,2025-10-24 14:00:27,13.17,25600,13.18,D
sz002532,天山铝业,2025-10-24 14:00:45,13.18,48400,13.17,U
sz002532,天山铝业,2025-10-24 14:01:24,13.19,22800,13.18,U
sz002532,天山铝业,2025-10-24 14:01:39,13.17,153200,13.18,D
sz002532,天山铝业,2025-10-24 14:01:42,13.18,26500,13.17,U
sz002532,天山铝业,2025-10-24 14:01:57,13.18,53120,13.17,U
sz002532,天山铝业,2025-10-24 14:02:00,13.18,27100,13.18,D
sz002532,天山铝业,2025-10-24 14:02:15,13.19,42200,13.18,U
sz002532,天山铝业,2025-10-24 14:02:24,13.2,141200,13.19,U
sz002532,天山铝业,2025-10-24 14:02:27,13.21,47300,13.2,U
sz002532,天山铝业,2025-10-24 14:02:39,13.22,15900,13.21,U
sz002532,天山铝业,2025-10-24 14:02:45,13.22,27900,13.22,U
sz002532,天山铝业,2025-10-24 14:02:48,13.22,23700,13.22,D
sz002532,天山铝业,2025-10-24 14:02:51,13.23,35600,13.22,U
sz002532,天山铝业,2025-10-24 14:02:54,13.22,22500,13.23,D
sz002532,天山铝业,2025-10-24 14:03:00,13.19,142000,13.21,D
sz002532,天山铝业,2025-10-24 14:03:03,13.16,42900,13.19,D
sz002532,天山铝业,2025-10-24 14:03:06,13.17,18400,13.16,U
sz002532,天山铝业,2025-10-24 14:03:09,13.18,22700,13.17,U
sz002532,天山铝业,2025-10-24 14:03:18,13.17,34900,13.17,U
sz002532,天山铝业,2025-10-24 14:03:27,13.17,46400,13.18,D
sz002532,天山铝业,2025-10-24 14:03:30,13.19,60400,13.17,U
sz002532,天山铝业,2025-10-24 14:03:33,13.19,22200,13.19,U
sz002532,天山铝业,2025-10-24 14:03:48,13.18,52100,13.19,D
sz002532,天山铝业,2025-10-24 14:04:06,13.18,30600,13.18,D
sz002532,天山铝业,2025-10-24 14:04:15,13.18,18600,13.18,D
sz002532,天山铝业,2025-10-24 14:04:18,13.18,43800,13.18,U
sz002532,天山铝业,2025-10-24 14:04:36,13.18,68800,13.18,D
sz002532,天山铝业,2025-10-24 14:05:36,13.21,25500,13.2,U
sz002532,天山铝业,2025-10-24 14:05:54,13.21,21900,13.21,U
sz002532,天山铝业,2025-10-24 14:06:18,13.2,37100,13.21,D
sz002532,天山铝业,2025-10-24 14:06:33,13.2,18400,13.21,D
sz002532,天山铝业,2025-10-24 14:06:48,13.2,23000,13.2,U
sz002532,天山铝业,2025-10-24 14:07:27,13.22,36600,13.21,U
sz002532,天山铝业,2025-10-24 14:07:42,13.23,24200,13.22,U
sz002532,天山铝业,2025-10-24 14:08:09,13.22,30300,13.23,D
sz002532,天山铝业,2025-10-24 14:08:21,13.22,20000,13.22,D
sz002532,天山铝业,2025-10-24 14:08:27,13.22,16200,13.22,D
sz002532,天山铝业,2025-10-24 14:08:42,13.22,27000,13.22,D
sz002532,天山铝业,2025-10-24 14:08:54,13.2,53900,13.22,D
sz002532,天山铝业,2025-10-24 14:09:09,13.2,125500,13.2,D
sz002532,天山铝业,2025-10-24 14:09:12,13.2,33500,13.2,U
sz002532,天山铝业,2025-10-24 14:09:15,13.19,20100,13.2,D
sz002532,天山铝业,2025-10-24 14:09:39,13.21,15700,13.2,U
sz002532,天山铝业,2025-10-24 14:10:21,13.21,59100,13.22,D
sz002532,天山铝业,2025-10-24 14:10:24,13.22,27866,13.21,U
sz002532,天山铝业,2025-10-24 14:10:51,13.22,37200,13.22,D
sz002532,天山铝业,2025-10-24 14:10:54,13.23,20000,13.22,U
sz002532,天山铝业,2025-10-24 14:10:57,13.24,33900,13.23,U
sz002532,天山铝业,2025-10-24 14:11:27,13.23,19800,13.24,D
sz002532,天山铝业,2025-10-24 14:11:39,13.23,75800,13.24,D
sz002532,天山铝业,2025-10-24 14:12:09,13.22,15600,13.23,D
sz002532,天山铝业,2025-10-24 14:12:24,13.22,49200,13.22,D
sz002532,天山铝业,2025-10-24 14:12:39,13.22,17500,13.22,D
sz002532,天山铝业,2025-10-24 14:12:42,13.22,20500,13.22,D
sz002532,天山铝业,2025-10-24 14:14:03,13.22,19100,13.22,D
sz002532,天山铝业,2025-10-24 14:15:06,13.22,22000,13.23,D
sz002532,天山铝业,2025-10-24 14:15:27,13.22,17000,13.22,D
sz002532,天山铝业,2025-10-24 14:16:00,13.23,17100,13.23,D
sz002532,天山铝业,2025-10-24 14:16:30,13.22,66919,13.23,D
sz002532,天山铝业,2025-10-24 14:16:45,13.22,59700,13.22,D
sz002532,天山铝业,2025-10-24 14:16:57,13.22,16103,13.21,U
sz002532,天山铝业,2025-10-24 14:17:24,13.22,26300,13.22,D
sz002532,天山铝业,2025-10-24 14:17:33,13.22,15700,13.22,D
sz002532,天山铝业,2025-10-24 14:17:51,13.22,24797,13.22,D
sz002532,天山铝业,2025-10-24 14:18:33,13.22,20400,13.22,U
sz002532,天山铝业,2025-10-24 14:19:21,13.21,118600,13.21,D
sz002532,天山铝业,2025-10-24 14:19:30,13.21,28600,13.21,D
sz002532,天山铝业,2025-10-24 14:19:48,13.19,41400,13.2,D
sz002532,天山铝业,2025-10-24 14:20:00,13.19,50500,13.19,D
sz002532,天山铝业,2025-10-24 14:20:39,13.17,31200,13.17,D
sz002532,天山铝业,2025-10-24 14:20:54,13.17,60050,13.17,U
sz002532,天山铝业,2025-10-24 14:21:12,13.17,32300,13.17,D
sz002532,天山铝业,2025-10-24 14:21:27,13.16,18700,13.16,D
sz002532,天山铝业,2025-10-24 14:21:30,13.15,15900,13.16,D
sz002532,天山铝业,2025-10-24 14:22:00,13.15,17700,13.15,D
sz002532,天山铝业,2025-10-24 14:22:06,13.16,17400,13.16,U
sz002532,天山铝业,2025-10-24 14:22:27,13.15,16600,13.15,D
sz002532,天山铝业,2025-10-24 14:23:00,13.16,34800,13.16,D
sz002532,天山铝业,2025-10-24 14:23:21,13.17,131900,13.16,U
sz002532,天山铝业,2025-10-24 14:23:24,13.17,59200,13.17,U
sz002532,天山铝业,2025-10-24 14:23:33,13.17,17433,13.17,U
sz002532,天山铝业,2025-10-24 14:23:42,13.18,19800,13.18,U
sz002532,天山铝业,2025-10-24 14:23:51,13.19,16200,13.19,U
sz002532,天山铝业,2025-10-24 14:24:12,13.19,16400,13.2,D
sz002532,天山铝业,2025-10-24 14:24:42,13.19,21100,13.2,D
sz002532,天山铝业,2025-10-24 14:25:27,13.22,19100,13.21,U
sz002532,天山铝业,2025-10-24 14:25:45,13.21,30600,13.21,D
sz002532,天山铝业,2025-10-24 14:25:51,13.22,76300,13.21,U
sz002532,天山铝业,2025-10-24 14:25:57,13.22,16700,13.22,U
sz002532,天山铝业,2025-10-24 14:26:00,13.21,24200,13.22,D
sz002532,天山铝业,2025-10-24 14:28:27,13.22,19000,13.21,U
sz002532,天山铝业,2025-10-24 14:29:30,13.21,62200,13.21,D
sz002532,天山铝业,2025-10-24 14:30:30,13.21,19783,13.21,D
sz002532,天山铝业,2025-10-24 14:30:42,13.21,16000,13.22,D
sz002532,天山铝业,2025-10-24 14:31:24,13.21,16800,13.21,D
sz002532,天山铝业,2025-10-24 14:31:57,13.21,26300,13.21,D
sz002532,天山铝业,2025-10-24 14:32:03,13.2,70762,13.22,D
sz002532,天山铝业,2025-10-24 14:32:12,13.2,33523,13.2,D
sz002532,天山铝业,2025-10-24 14:32:15,13.18,119032,13.2,D
sz002532,天山铝业,2025-10-24 14:32:21,13.18,70200,13.18,D
sz002532,天山铝业,2025-10-24 14:32:24,13.18,40500,13.18,D
sz002532,天山铝业,2025-10-24 14:32:27,13.18,27300,13.18,D
sz002532,天山铝业,2025-10-24 14:32:33,13.18,15800,13.18,D
sz002532,天山铝业,2025-10-24 14:32:42,13.18,37500,13.18,D
sz002532,天山铝业,2025-10-24 14:35:15,13.19,18400,13.19,U
sz002532,天山铝业,2025-10-24 14:36:15,13.2,45800,13.19,U
sz002532,天山铝业,2025-10-24 14:36:27,13.2,21100,13.2,D
sz002532,天山铝业,2025-10-24 14:37:03,13.2,15700,13.2,D
sz002532,天山铝业,2025-10-24 14:37:18,13.22,36900,13.2,U
sz002532,天山铝业,2025-10-24 14:38:42,13.2,74400,13.2,D
sz002532,天山铝业,2025-10-24 14:38:48,13.2,21900,13.2,D
sz002532,天山铝业,2025-10-24 14:39:39,13.21,15500,13.2,U
sz002532,天山铝业,2025-10-24 14:39:51,13.2,71700,13.21,D
sz002532,天山铝业,2025-10-24 14:39:54,13.21,25200,13.2,U
sz002532,天山铝业,2025-10-24 14:40:21,13.21,19100,13.21,U
sz002532,天山铝业,2025-10-24 14:40:51,13.2,21600,13.2,D
sz002532,天山铝业,2025-10-24 14:41:12,13.2,20600,13.21,D
sz002532,天山铝业,2025-10-24 14:41:18,13.2,36900,13.2,D
sz002532,天山铝业,2025-10-24 14:41:30,13.2,16400,13.2,D
sz002532,天山铝业,2025-10-24 14:41:36,13.2,17200,13.2,D
sz002532,天山铝业,2025-10-24 14:41:51,13.2,18700,13.2,D
sz002532,天山铝业,2025-10-24 14:42:06,13.2,18400,13.21,D
sz002532,天山铝业,2025-10-24 14:42:18,13.22,402324,13.2,U
sz002532,天山铝业,2025-10-24 14:42:21,13.23,58100,13.22,U
sz002532,天山铝业,2025-10-24 14:42:27,13.23,70100,13.22,U
sz002532,天山铝业,2025-10-24 14:42:33,13.23,53082,13.23,D
sz002532,天山铝业,2025-10-24 14:42:51,13.25,55500,13.25,U
sz002532,天山铝业,2025-10-24 14:42:57,13.25,187600,13.24,U
sz002532,天山铝业,2025-10-24 14:43:00,13.25,43000,13.25,D
sz002532,天山铝业,2025-10-24 14:43:03,13.25,27100,13.25,D
sz002532,天山铝业,2025-10-24 14:43:21,13.26,25600,13.26,D
sz002532,天山铝业,2025-10-24 14:43:24,13.26,28100,13.26,D
sz002532,天山铝业,2025-10-24 14:43:33,13.27,20900,13.27,U
sz002532,天山铝业,2025-10-24 14:43:39,13.27,21000,13.27,U
sz002532,天山铝业,2025-10-24 14:43:51,13.28,29800,13.27,U
sz002532,天山铝业,2025-10-24 14:43:54,13.27,18500,13.28,D
sz002532,天山铝业,2025-10-24 14:43:57,13.27,16300,13.27,D
sz002532,天山铝业,2025-10-24 14:44:03,13.27,57300,13.27,U
sz002532,天山铝业,2025-10-24 14:44:06,13.26,23300,13.27,D
sz002532,天山铝业,2025-10-24 14:44:18,13.26,16700,13.26,D
sz002532,天山铝业,2025-10-24 14:44:33,13.28,16900,13.28,U
sz002532,天山铝业,2025-10-24 14:44:48,13.28,23800,13.28,U
sz002532,天山铝业,2025-10-24 14:45:00,13.27,26900,13.28,D
sz002532,天山铝业,2025-10-24 14:45:03,13.26,56500,13.27,D
sz002532,天山铝业,2025-10-24 14:45:36,13.27,20100,13.25,U
sz002532,天山铝业,2025-10-24 14:45:57,13.26,31400,13.26,D
sz002532,天山铝业,2025-10-24 14:46:09,13.25,39300,13.26,D
sz002532,天山铝业,2025-10-24 14:46:12,13.25,15700,13.25,D
sz002532,天山铝业,2025-10-24 14:47:12,13.26,16600,13.26,U
sz002532,天山铝业,2025-10-24 14:47:27,13.25,18900,13.25,D
sz002532,天山铝业,2025-10-24 14:47:45,13.25,51300,13.25,D
sz002532,天山铝业,2025-10-24 14:47:57,13.25,18100,13.25,D
sz002532,天山铝业,2025-10-24 14:48:03,13.25,19700,13.25,D
sz002532,天山铝业,2025-10-24 14:48:12,13.26,28900,13.25,U
sz002532,天山铝业,2025-10-24 14:48:30,13.28,18300,13.26,U
sz002532,天山铝业,2025-10-24 14:48:33,13.27,21800,13.28,D
sz002532,天山铝业,2025-10-24 14:48:39,13.27,20500,13.27,D
sz002532,天山铝业,2025-10-24 14:48:42,13.27,24100,13.27,D
sz002532,天山铝业,2025-10-24 14:48:51,13.27,20500,13.27,D
sz002532,天山铝业,2025-10-24 14:48:57,13.28,16200,13.27,U
sz002532,天山铝业,2025-10-24 14:49:03,13.25,54200,13.27,D
sz002532,天山铝业,2025-10-24 14:49:21,13.26,18100,13.26,U
sz002532,天山铝业,2025-10-24 14:49:24,13.27,36500,13.26,U
sz002532,天山铝业,2025-10-24 14:49:36,13.26,20800,13.27,D
sz002532,天山铝业,2025-10-24 14:50:00,13.27,24000,13.26,U
sz002532,天山铝业,2025-10-24 14:50:03,13.26,41000,13.27,D
sz002532,天山铝业,2025-10-24 14:50:18,13.27,32300,13.26,U
sz002532,天山铝业,2025-10-24 14:50:33,13.27,43200,13.28,D
sz002532,天山铝业,2025-10-24 14:50:45,13.28,34600,13.27,U
sz002532,天山铝业,2025-10-24 14:50:51,13.28,23100,13.28,U
sz002532,天山铝业,2025-10-24 14:51:03,13.27,39900,13.27,D
sz002532,天山铝业,2025-10-24 14:51:06,13.27,27700,13.27,D
sz002532,天山铝业,2025-10-24 14:51:30,13.27,29500,13.27,D
sz002532,天山铝业,2025-10-24 14:51:33,13.28,21300,13.27,U
sz002532,天山铝业,2025-10-24 14:52:03,13.27,96000,13.27,D
sz002532,天山铝业,2025-10-24 14:52:30,13.27,21900,13.27,D
sz002532,天山铝业,2025-10-24 14:52:33,13.28,81300,13.27,U
sz002532,天山铝业,2025-10-24 14:52:39,13.28,23300,13.28,D
sz002532,天山铝业,2025-10-24 14:52:42,13.29,38300,13.28,U
sz002532,天山铝业,2025-10-24 14:53:00,13.29,20400,13.29,U
sz002532,天山铝业,2025-10-24 14:53:03,13.28,81700,13.29,D
sz002532,天山铝业,2025-10-24 14:53:30,13.29,141200,13.28,U
sz002532,天山铝业,2025-10-24 14:53:33,13.29,19100,13.29,U
sz002532,天山铝业,2025-10-24 14:53:48,13.29,46200,13.29,D
sz002532,天山铝业,2025-10-24 14:53:57,13.28,46600,13.29,D
sz002532,天山铝业,2025-10-24 14:54:00,13.29,22300,13.28,U
sz002532,天山铝业,2025-10-24 14:54:03,13.28,15500,13.29,D
sz002532,天山铝业,2025-10-24 14:54:09,13.29,20500,13.29,U
sz002532,天山铝业,2025-10-24 14:54:27,13.29,28900,13.29,D
sz002532,天山铝业,2025-10-24 14:54:30,13.3,114280,13.29,U
sz002532,天山铝业,2025-10-24 14:54:39,13.31,83300,13.31,U
sz002532,天山铝业,2025-10-24 14:54:48,13.32,54000,13.33,D
sz002532,天山铝业,2025-10-24 14:54:54,13.33,19900,13.33,D
sz002532,天山铝业,2025-10-24 14:54:57,13.34,33800,13.33,U
sz002532,天山铝业,2025-10-24 14:55:00,13.33,15600,13.34,D
sz002532,天山铝业,2025-10-24 14:55:03,13.38,98200,13.33,U
sz002532,天山铝业,2025-10-24 14:55:06,13.37,15000,13.38,U
sz002532,天山铝业,2025-10-24 14:55:09,13.35,18400,13.37,E
sz002532,天山铝业,2025-10-24 14:55:12,13.37,47900,13.35,U
sz002532,天山铝业,2025-10-24 14:55:15,13.37,16300,13.37,U
sz002532,天山铝业,2025-10-24 14:55:18,13.36,23800,13.37,E
sz002532,天山铝业,2025-10-24 14:55:21,13.37,26700,13.36,E
sz002532,天山铝业,2025-10-24 14:55:27,13.37,27200,13.37,U
sz002532,天山铝业,2025-10-24 14:55:33,13.37,15900,13.37,D
sz002532,天山铝业,2025-10-24 14:55:36,13.38,23500,13.37,U
sz002532,天山铝业,2025-10-24 14:55:39,13.37,29200,13.38,E
sz002532,天山铝业,2025-10-24 14:55:45,13.38,15300,13.39,D
sz002532,天山铝业,2025-10-24 14:55:51,13.38,21000,13.38,U
sz002532,天山铝业,2025-10-24 14:55:57,13.39,27100,13.39,U
sz002532,天山铝业,2025-10-24 14:56:00,13.38,55800,13.39,D
sz002532,天山铝业,2025-10-24 14:56:03,13.39,78800,13.38,U
sz002532,天山铝业,2025-10-24 14:56:12,13.38,94100,13.38,U
sz002532,天山铝业,2025-10-24 14:56:21,13.37,16400,13.37,D
sz002532,天山铝业,2025-10-24 14:56:24,13.38,27800,13.37,U
sz002532,天山铝业,2025-10-24 14:56:30,13.37,54100,13.39,D
sz002532,天山铝业,2025-10-24 14:56:33,13.38,15300,13.37,U
sz002532,天山铝业,2025-10-24 14:56:51,13.36,19700,13.37,D
sz002532,天山铝业,2025-10-24 14:56:54,13.37,49400,13.36,U
sz002532,天山铝业,2025-10-24 14:56:57,13.37,26000,13.37,U
sz002532,天山铝业,2025-10-24 15:00:00,13.4,653400,13.38,E
