symbol,name,ticktime,price,volume,prev_price,kind
sh603871,嘉友国际,2025-10-13 09:25:03,14.0,247700,0.0,U
sh603871,嘉友国际,2025-10-13 09:30:05,14.0,21500,14.0,U
sh603871,嘉友国际,2025-10-13 09:30:11,13.98,21800,13.96,U
sh603871,嘉友国际,2025-10-13 09:30:23,13.95,18600,13.96,E
sh603871,嘉友国际,2025-10-13 09:30:26,13.96,18300,13.95,U
sh603871,嘉友国际,2025-10-13 09:30:32,13.97,18100,13.96,U
sh603871,嘉友国际,2025-10-13 09:30:35,13.97,20700,13.97,U
sh603871,嘉友国际,2025-10-13 09:30:38,13.98,43000,13.97,U
sh603871,嘉友国际,2025-10-13 09:30:41,13.98,25700,13.98,U
sh603871,嘉友国际,2025-10-13 09:30:44,13.93,23300,13.98,D
sh603871,嘉友国际,2025-10-13 09:30:53,13.99,24400,13.97,U
sh603871,嘉友国际,2025-10-13 09:30:59,14.0,28300,14.0,U
sh603871,嘉友国际,2025-10-13 09:31:02,13.99,33200,14.0,D
sh603871,嘉友国际,2025-10-13 09:31:05,14.0,119300,13.99,U
sh603871,嘉友国际,2025-10-13 09:31:08,14.01,21284,14.0,U
sh603871,嘉友国际,2025-10-13 09:31:11,14.01,29900,14.01,U
sh603871,嘉友国际,2025-10-13 09:31:14,14.01,17200,14.01,U
sh603871,嘉友国际,2025-10-13 09:31:20,14.02,23100,14.01,U
sh603871,嘉友国际,2025-10-13 09:31:29,14.02,14500,14.02,D
sh603871,嘉友国际,2025-10-13 09:31:35,14.03,29000,14.03,D
sh603871,嘉友国际,2025-10-13 09:33:11,14.17,47900,14.18,D
sh603871,嘉友国际,2025-10-13 09:33:32,14.14,16300,14.18,D
sh603871,嘉友国际,2025-10-13 09:33:59,14.15,22900,14.15,D
sh603871,嘉友国际,2025-10-13 09:34:26,14.23,25200,14.23,D
sh603871,嘉友国际,2025-10-13 09:34:47,14.2,19220,14.2,D
sh603871,嘉友国际,2025-10-13 09:35:11,14.21,23800,14.21,U
sh603871,嘉友国际,2025-10-13 09:35:41,14.17,18300,14.18,D
sh603871,嘉友国际,2025-10-13 09:36:32,14.13,21200,14.14,D
sh603871,嘉友国际,2025-10-13 09:37:08,14.1,22900,14.1,D
sh603871,嘉友国际,2025-10-13 09:37:26,14.12,48200,14.09,U
sh603871,嘉友国际,2025-10-13 09:38:32,14.09,45880,14.1,D
sh603871,嘉友国际,2025-10-13 09:38:35,14.09,14600,14.09,U
sh603871,嘉友国际,2025-10-13 09:38:59,14.07,20600,14.08,D
sh603871,嘉友国际,2025-10-13 09:39:23,14.08,22500,14.07,U
sh603871,嘉友国际,2025-10-13 09:39:29,14.07,31100,14.07,U
sh603871,嘉友国际,2025-10-13 09:39:32,14.12,25400,14.07,U
sh603871,嘉友国际,2025-10-13 09:40:23,14.05,67400,14.09,D
sh603871,嘉友国际,2025-10-13 09:40:59,14.05,26140,14.02,U
sh603871,嘉友国际,2025-10-13 09:41:02,14.0,47060,14.05,D
sh603871,嘉友国际,2025-10-13 09:41:11,14.0,131000,14.02,D
sh603871,嘉友国际,2025-10-13 09:41:14,14.0,17000,14.0,U
sh603871,嘉友国际,2025-10-13 09:41:26,13.96,16900,14.04,D
sh603871,嘉友国际,2025-10-13 09:42:02,13.98,23200,13.97,U
sh603871,嘉友国际,2025-10-13 09:42:05,13.97,19800,13.98,D
sh603871,嘉友国际,2025-10-13 09:42:08,14.0,30400,13.97,U
sh603871,嘉友国际,2025-10-13 09:42:11,13.99,26700,14.0,D
sh603871,嘉友国际,2025-10-13 09:43:35,14.03,17300,14.03,D
sh603871,嘉友国际,2025-10-13 09:43:50,14.03,16020,14.03,U
sh603871,嘉友国际,2025-10-13 09:46:02,14.02,123680,14.08,D
sh603871,嘉友国际,2025-10-13 09:46:05,13.98,93180,14.02,D
sh603871,嘉友国际,2025-10-13 09:46:08,13.98,48200,13.98,D
sh603871,嘉友国际,2025-10-13 09:46:11,13.97,18400,13.98,D
sh603871,嘉友国际,2025-10-13 09:46:14,13.97,14800,13.97,U
sh603871,嘉友国际,2025-10-13 09:46:35,13.98,24400,14.01,D
sh603871,嘉友国际,2025-10-13 09:47:32,14.03,16800,14.01,U
sh603871,嘉友国际,2025-10-13 09:48:05,13.99,42500,14.0,D
sh603871,嘉友国际,2025-10-13 09:48:35,13.99,25100,13.99,U
sh603871,嘉友国际,2025-10-13 09:48:53,13.98,60900,13.99,D
sh603871,嘉友国际,2025-10-13 09:48:56,13.98,20500,13.98,U
sh603871,嘉友国际,2025-10-13 09:49:17,13.96,29500,13.97,D
sh603871,嘉友国际,2025-10-13 09:49:38,13.97,126220,13.96,U
sh603871,嘉友国际,2025-10-13 09:49:41,13.96,66400,13.97,U
sh603871,嘉友国际,2025-10-13 09:49:44,13.96,24000,13.96,U
sh603871,嘉友国际,2025-10-13 09:49:47,13.94,24700,13.96,E
sh603871,嘉友国际,2025-10-13 09:49:50,13.96,84400,13.94,U
sh603871,嘉友国际,2025-10-13 09:49:53,13.99,22400,13.96,U
sh603871,嘉友国际,2025-10-13 09:49:56,14.0,14960,13.99,U
sh603871,嘉友国际,2025-10-13 09:50:05,14.0,31200,14.03,D
sh603871,嘉友国际,2025-10-13 09:51:05,13.99,19600,13.99,U
sh603871,嘉友国际,2025-10-13 09:51:20,14.03,20500,14.02,U
sh603871,嘉友国际,2025-10-13 09:53:05,14.06,17140,14.06,U
sh603871,嘉友国际,2025-10-13 09:54:17,14.05,61160,14.05,D
sh603871,嘉友国际,2025-10-13 09:54:29,14.03,34300,14.04,D
sh603871,嘉友国际,2025-10-13 09:54:47,13.99,23200,13.99,D
sh603871,嘉友国际,2025-10-13 09:55:35,14.01,21800,14.0,U
sh603871,嘉友国际,2025-10-13 09:56:47,13.93,84900,13.96,D
sh603871,嘉友国际,2025-10-13 09:56:53,13.91,25700,13.95,D
sh603871,嘉友国际,2025-10-13 09:57:29,13.93,16100,13.91,U
sh603871,嘉友国际,2025-10-13 09:57:44,13.91,15100,13.91,U
sh603871,嘉友国际,2025-10-13 09:57:59,13.91,17300,13.91,U
sh603871,嘉友国际,2025-10-13 09:58:14,13.91,26000,13.91,U
sh603871,嘉友国际,2025-10-13 09:58:26,13.91,59600,13.91,D
sh603871,嘉友国际,2025-10-13 09:58:35,13.9,24100,13.9,D
sh603871,嘉友国际,2025-10-13 09:58:38,13.9,18900,13.9,D
sh603871,嘉友国际,2025-10-13 09:58:41,13.9,26000,13.9,D
sh603871,嘉友国际,2025-10-13 09:59:08,13.92,80800,13.89,U
sh603871,嘉友国际,2025-10-13 09:59:23,13.9,23040,13.9,E
sh603871,嘉友国际,2025-10-13 09:59:32,13.9,25960,13.92,D
sh603871,嘉友国际,2025-10-13 09:59:41,13.9,25000,13.9,U
sh603871,嘉友国际,2025-10-13 10:00:11,13.91,18340,13.89,U
sh603871,嘉友国际,2025-10-13 10:00:56,13.9,16200,13.9,U
sh603871,嘉友国际,2025-10-13 10:01:11,13.89,49400,13.9,D
sh603871,嘉友国际,2025-10-13 10:01:32,13.89,14600,13.9,D
sh603871,嘉友国际,2025-10-13 10:01:53,13.88,67900,13.88,D
sh603871,嘉友国际,2025-10-13 10:02:11,13.85,59200,13.87,D
sh603871,嘉友国际,2025-10-13 10:02:26,13.85,20200,13.85,E
sh603871,嘉友国际,2025-10-13 10:03:41,13.84,23300,13.85,D
sh603871,嘉友国际,2025-10-13 10:03:59,13.83,35900,13.83,D
sh603871,嘉友国际,2025-10-13 10:04:02,13.8,508700,13.83,D
sh603871,嘉友国际,2025-10-13 10:04:26,13.81,30500,13.8,U
sh603871,嘉友国际,2025-10-13 10:05:02,13.79,27700,13.79,D
sh603871,嘉友国际,2025-10-13 10:05:23,13.79,15000,13.78,U
sh603871,嘉友国际,2025-10-13 10:05:29,13.79,16400,13.78,U
sh603871,嘉友国际,2025-10-13 10:05:41,13.8,15000,13.78,U
sh603871,嘉友国际,2025-10-13 10:05:50,13.8,15500,13.8,U
sh603871,嘉友国际,2025-10-13 10:06:41,13.82,15800,13.84,D
sh603871,嘉友国际,2025-10-13 10:14:08,13.86,14700,13.86,U
sh603871,嘉友国际,2025-10-13 10:14:11,13.88,20500,13.86,U
sh603871,嘉友国际,2025-10-13 10:15:11,13.89,32300,13.91,D
sh603871,嘉友国际,2025-10-13 10:17:59,13.85,15800,13.86,D
sh603871,嘉友国际,2025-10-13 10:18:23,13.85,57100,13.84,U
sh603871,嘉友国际,2025-10-13 10:18:29,13.86,20300,13.85,U
sh603871,嘉友国际,2025-10-13 10:18:53,13.84,50500,13.84,D
sh603871,嘉友国际,2025-10-13 10:19:08,13.81,35300,13.84,D
sh603871,嘉友国际,2025-10-13 10:19:35,13.8,81200,13.82,D
sh603871,嘉友国际,2025-10-13 10:27:35,13.89,18000,13.9,D
sh603871,嘉友国际,2025-10-13 10:28:29,13.91,16400,13.9,U
sh603871,嘉友国际,2025-10-13 10:28:59,13.9,17860,13.9,D
sh603871,嘉友国际,2025-10-13 10:30:56,13.9,17380,13.91,D
sh603871,嘉友国际,2025-10-13 10:31:20,13.87,17900,13.88,D
sh603871,嘉友国际,2025-10-13 10:32:14,13.89,16000,13.88,U
sh603871,嘉友国际,2025-10-13 10:32:35,13.9,39400,13.89,U
sh603871,嘉友国际,2025-10-13 10:32:38,13.91,48620,13.9,U
sh603871,嘉友国际,2025-10-13 10:33:14,13.88,20004,13.89,D
sh603871,嘉友国际,2025-10-13 10:33:29,13.89,22000,13.88,U
sh603871,嘉友国际,2025-10-13 10:33:50,13.87,31900,13.88,D
sh603871,嘉友国际,2025-10-13 10:34:50,13.9,24000,13.91,D
sh603871,嘉友国际,2025-10-13 10:36:29,13.91,17100,13.9,U
sh603871,嘉友国际,2025-10-13 10:36:50,13.95,42300,13.92,U
sh603871,嘉友国际,2025-10-13 10:37:32,13.95,103400,13.95,U
sh603871,嘉友国际,2025-10-13 10:38:50,13.89,21400,13.91,D
sh603871,嘉友国际,2025-10-13 10:43:14,13.89,16600,13.89,E
sh603871,嘉友国际,2025-10-13 10:43:20,13.91,146520,13.89,U
sh603871,嘉友国际,2025-10-13 10:43:23,13.92,21600,13.91,U
sh603871,嘉友国际,2025-10-13 10:45:11,14.0,21560,14.0,U
sh603871,嘉友国际,2025-10-13 10:47:02,14.01,31500,14.02,D
sh603871,嘉友国际,2025-10-13 10:47:20,14.0,36100,14.0,D
sh603871,嘉友国际,2025-10-13 10:47:50,13.99,94700,14.0,D
sh603871,嘉友国际,2025-10-13 10:48:35,13.99,30100,13.99,U
sh603871,嘉友国际,2025-10-13 10:49:02,13.98,15600,13.99,D
sh603871,嘉友国际,2025-10-13 10:49:32,14.0,17200,14.0,U
sh603871,嘉友国际,2025-10-13 10:49:50,13.99,25100,14.01,D
sh603871,嘉友国际,2025-10-13 10:51:29,13.91,26500,13.93,D
sh603871,嘉友国际,2025-10-13 10:51:44,13.9,21600,13.91,E
sh603871,嘉友国际,2025-10-13 10:51:47,13.91,65100,13.9,U
sh603871,嘉友国际,2025-10-13 10:52:02,13.9,16700,13.93,D
sh603871,嘉友国际,2025-10-13 10:52:14,13.88,46160,13.89,D
sh603871,嘉友国际,2025-10-13 10:52:44,13.88,18800,13.88,D
sh603871,嘉友国际,2025-10-13 10:53:14,13.88,18900,13.89,D
sh603871,嘉友国际,2025-10-13 10:53:44,13.88,18900,13.9,D
sh603871,嘉友国际,2025-10-13 10:54:44,13.87,18900,13.9,D
sh603871,嘉友国际,2025-10-13 10:55:41,13.9,34300,13.87,U
sh603871,嘉友国际,2025-10-13 10:55:44,13.86,18800,13.9,D
sh603871,嘉友国际,2025-10-13 10:56:14,13.85,18900,13.86,D
sh603871,嘉友国际,2025-10-13 10:56:41,13.86,30600,13.85,D
sh603871,嘉友国际,2025-10-13 10:56:47,13.83,18200,13.85,D
sh603871,嘉友国际,2025-10-13 10:56:50,13.88,20500,13.83,U
sh603871,嘉友国际,2025-10-13 10:57:14,13.87,66600,13.84,U
sh603871,嘉友国际,2025-10-13 10:57:41,13.88,33400,13.86,U
sh603871,嘉友国际,2025-10-13 10:59:14,13.91,42700,13.88,U
sh603871,嘉友国际,2025-10-13 10:59:23,13.92,21900,13.91,U
sh603871,嘉友国际,2025-10-13 11:05:44,13.92,15700,13.93,D
sh603871,嘉友国际,2025-10-13 11:07:59,13.9,19700,13.91,D
sh603871,嘉友国际,2025-10-13 11:08:05,13.89,31700,13.9,D
sh603871,嘉友国际,2025-10-13 11:18:17,13.93,24000,13.93,D
sh603871,嘉友国际,2025-10-13 11:18:32,13.9,19500,13.9,D
sh603871,嘉友国际,2025-10-13 11:19:26,13.91,28700,13.92,D
sh603871,嘉友国际,2025-10-13 11:22:38,13.89,38020,13.9,D
sh603871,嘉友国际,2025-10-13 11:25:08,13.9,23600,13.89,U
sh603871,嘉友国际,2025-10-13 11:29:41,13.9,25200,13.89,U
sh603871,嘉友国际,2025-10-13 13:00:11,13.88,25300,13.88,U
sh603871,嘉友国际,2025-10-13 13:04:02,13.89,16000,13.9,D
sh603871,嘉友国际,2025-10-13 13:04:35,13.87,22400,13.88,D
sh603871,嘉友国际,2025-10-13 13:10:44,13.89,35400,13.89,D
sh603871,嘉友国际,2025-10-13 13:12:08,13.9,20800,13.89,U
sh603871,嘉友国际,2025-10-13 13:12:11,13.91,25920,13.9,U
sh603871,嘉友国际,2025-10-13 13:14:53,13.89,16200,13.9,D
sh603871,嘉友国际,2025-10-13 13:22:14,13.92,23300,13.91,U
sh603871,嘉友国际,2025-10-13 13:22:32,13.93,15100,13.93,U
sh603871,嘉友国际,2025-10-13 13:22:50,13.92,270300,13.92,U
sh603871,嘉友国际,2025-10-13 13:22:53,13.91,21500,13.92,D
sh603871,嘉友国际,2025-10-13 13:23:05,13.89,19300,13.89,D
sh603871,嘉友国际,2025-10-13 13:23:11,13.85,26300,13.86,D
sh603871,嘉友国际,2025-10-13 13:23:17,13.9,61300,13.85,U
sh603871,嘉友国际,2025-10-13 13:23:23,13.88,21600,13.88,D
sh603871,嘉友国际,2025-10-13 13:25:50,13.9,17800,13.9,U
sh603871,嘉友国际,2025-10-13 13:26:11,13.91,20600,13.9,U
sh603871,嘉友国际,2025-10-13 13:26:17,13.89,16500,13.92,D
sh603871,嘉友国际,2025-10-13 13:28:17,13.9,63500,13.95,D
sh603871,嘉友国际,2025-10-13 13:28:26,13.89,50000,13.89,D
sh603871,嘉友国际,2025-10-13 13:28:32,13.89,19200,13.94,D
sh603871,嘉友国际,2025-10-13 13:29:44,13.99,28100,13.98,U
sh603871,嘉友国际,2025-10-13 13:29:59,13.9,16600,13.92,D
sh603871,嘉友国际,2025-10-13 13:30:05,13.92,17600,13.91,E
sh603871,嘉友国际,2025-10-13 13:36:53,13.91,15800,13.92,D
sh603871,嘉友国际,2025-10-13 13:37:29,13.89,43100,13.94,D
sh603871,嘉友国际,2025-10-13 13:37:32,13.9,47200,13.89,U
sh603871,嘉友国际,2025-10-13 13:37:41,13.9,22000,13.9,U
sh603871,嘉友国际,2025-10-13 13:37:44,13.95,19780,13.9,U
sh603871,嘉友国际,2025-10-13 13:38:50,13.96,17300,13.96,U
sh603871,嘉友国际,2025-10-13 13:39:53,13.94,15200,13.93,U
sh603871,嘉友国际,2025-10-13 13:40:53,13.94,27400,13.93,U
sh603871,嘉友国际,2025-10-13 13:41:26,13.94,27600,13.94,U
sh603871,嘉友国际,2025-10-13 13:41:32,13.93,25700,13.94,D
sh603871,嘉友国际,2025-10-13 13:41:47,13.9,14900,13.92,D
sh603871,嘉友国际,2025-10-13 13:45:29,13.94,27000,13.95,D
sh603871,嘉友国际,2025-10-13 13:47:50,13.98,163700,13.96,U
sh603871,嘉友国际,2025-10-13 13:47:53,13.98,15500,13.98,U
sh603871,嘉友国际,2025-10-13 13:47:56,13.98,14900,13.98,U
sh603871,嘉友国际,2025-10-13 13:48:59,14.0,19000,13.99,U
sh603871,嘉友国际,2025-10-13 13:50:23,14.0,14900,14.0,U
sh603871,嘉友国际,2025-10-13 13:51:20,13.99,28400,14.0,D
sh603871,嘉友国际,2025-10-13 13:52:41,13.95,50700,13.99,D
sh603871,嘉友国际,2025-10-13 13:52:44,13.95,21800,13.95,U
sh603871,嘉友国际,2025-10-13 13:53:05,13.95,48000,13.95,U
sh603871,嘉友国际,2025-10-13 13:54:05,14.0,34500,14.0,U
sh603871,嘉友国际,2025-10-13 13:55:44,14.01,35700,14.0,U
sh603871,嘉友国际,2025-10-13 13:57:47,13.99,22900,14.0,D
sh603871,嘉友国际,2025-10-13 13:58:08,13.99,18700,14.0,D
sh603871,嘉友国际,2025-10-13 13:59:35,13.98,34000,13.98,D
sh603871,嘉友国际,2025-10-13 14:02:35,14.0,24500,14.01,D
sh603871,嘉友国际,2025-10-13 14:03:05,14.0,37600,13.98,U
sh603871,嘉友国际,2025-10-13 14:07:05,13.99,14800,14.04,D
sh603871,嘉友国际,2025-10-13 14:07:26,14.0,33300,14.0,U
sh603871,嘉友国际,2025-10-13 14:07:53,14.0,32600,14.0,U
sh603871,嘉友国际,2025-10-13 14:10:02,14.06,19100,14.04,U
sh603871,嘉友国际,2025-10-13 14:10:41,14.07,24900,14.06,U
sh603871,嘉友国际,2025-10-13 14:12:17,14.1,19000,14.08,U
sh603871,嘉友国际,2025-10-13 14:13:41,14.1,30500,14.1,U
sh603871,嘉友国际,2025-10-13 14:14:14,14.08,43800,14.09,D
sh603871,嘉友国际,2025-10-13 14:17:08,14.1,52700,14.09,U
sh603871,嘉友国际,2025-10-13 14:18:53,14.08,40800,14.09,D
sh603871,嘉友国际,2025-10-13 14:18:56,14.08,18100,14.08,U
sh603871,嘉友国际,2025-10-13 14:19:11,14.08,17700,14.08,U
sh603871,嘉友国际,2025-10-13 14:20:17,14.08,60320,14.08,U
sh603871,嘉友国际,2025-10-13 14:20:38,14.1,18800,14.09,U
sh603871,嘉友国际,2025-10-13 14:21:05,14.11,18900,14.1,U
sh603871,嘉友国际,2025-10-13 14:21:47,14.12,20600,14.12,U
sh603871,嘉友国际,2025-10-13 14:21:53,14.13,17200,14.13,U
sh603871,嘉友国际,2025-10-13 14:22:20,14.15,15300,14.15,U
sh603871,嘉友国际,2025-10-13 14:22:32,14.16,17600,14.15,U
sh603871,嘉友国际,2025-10-13 14:23:08,14.18,17000,14.18,U
sh603871,嘉友国际,2025-10-13 14:23:44,14.19,15900,14.18,U
sh603871,嘉友国际,2025-10-13 14:24:05,14.2,17500,14.2,U
sh603871,嘉友国际,2025-10-13 14:25:38,14.26,14300,14.25,U
sh603871,嘉友国际,2025-10-13 14:26:11,14.26,20000,14.26,U
sh603871,嘉友国际,2025-10-13 14:29:05,14.27,23200,14.27,D
sh603871,嘉友国际,2025-10-13 14:31:53,14.28,21200,14.27,U
sh603871,嘉友国际,2025-10-13 14:32:56,14.29,18200,14.27,U
sh603871,嘉友国际,2025-10-13 14:33:17,14.28,20300,14.29,D
sh603871,嘉友国际,2025-10-13 14:34:17,14.32,33000,14.31,U
sh603871,嘉友国际,2025-10-13 14:35:17,14.32,15400,14.32,U
sh603871,嘉友国际,2025-10-13 14:35:59,14.33,14100,14.34,D
sh603871,嘉友国际,2025-10-13 14:36:02,14.3,33900,14.33,D
sh603871,嘉友国际,2025-10-13 14:37:26,14.34,15300,14.33,U
sh603871,嘉友国际,2025-10-13 14:40:05,14.29,20200,14.31,D
sh603871,嘉友国际,2025-10-13 14:44:05,14.3,36000,14.28,U
sh603871,嘉友国际,2025-10-13 14:45:38,14.34,14860,14.32,U
sh603871,嘉友国际,2025-10-13 14:45:50,14.35,16340,14.34,U
sh603871,嘉友国际,2025-10-13 14:46:26,14.38,51500,14.37,U
sh603871,嘉友国际,2025-10-13 14:46:38,14.4,21100,14.4,U
sh603871,嘉友国际,2025-10-13 14:47:05,14.44,14000,14.43,E
sh603871,嘉友国际,2025-10-13 14:47:20,14.45,32100,14.46,U
sh603871,嘉友国际,2025-10-13 14:48:29,14.45,17600,14.43,U
sh603871,嘉友国际,2025-10-13 14:48:35,14.44,19100,14.44,U
sh603871,嘉友国际,2025-10-13 14:48:47,14.49,17500,14.45,U
sh603871,嘉友国际,2025-10-13 14:48:50,14.46,13900,14.49,D
sh603871,嘉友国际,2025-10-13 14:48:53,14.48,71200,14.46,E
sh603871,嘉友国际,2025-10-13 14:48:56,14.51,27048,14.48,U
sh603871,嘉友国际,2025-10-13 14:50:29,14.45,53300,14.44,U
sh603871,嘉友国际,2025-10-13 14:50:35,14.51,52400,14.43,U
sh603871,嘉友国际,2025-10-13 14:50:44,14.5,17300,14.44,U
sh603871,嘉友国际,2025-10-13 14:50:47,14.48,44800,14.5,E
sh603871,嘉友国际,2025-10-13 14:52:47,14.4,42500,14.41,D
sh603871,嘉友国际,2025-10-13 14:54:23,14.31,17100,14.31,D
sh603871,嘉友国际,2025-10-13 15:00:01,14.27,82640,14.28,U
