symbol,name,ticktime,price,volume,prev_price,kind
sh603871,嘉友国际,2025-09-22 09:25:01,13.6,86500,0.0,U
sh603871,嘉友国际,2025-09-22 09:30:02,13.68,22320,13.6,U
sh603871,嘉友国际,2025-09-22 09:30:05,13.64,27300,13.68,D
sh603871,嘉友国际,2025-09-22 09:30:08,13.64,14800,13.64,D
sh603871,嘉友国际,2025-09-22 09:30:11,13.64,139800,13.64,D
sh603871,嘉友国际,2025-09-22 09:30:14,13.67,20600,13.64,U
sh603871,嘉友国际,2025-09-22 09:30:17,13.65,78600,13.67,D
sh603871,嘉友国际,2025-09-22 09:30:23,13.69,43600,13.66,U
sh603871,嘉友国际,2025-09-22 09:30:26,13.7,45400,13.69,U
sh603871,嘉友国际,2025-09-22 09:30:29,13.71,14900,13.7,U
sh603871,嘉友国际,2025-09-22 09:30:32,13.73,29480,13.71,U
sh603871,嘉友国际,2025-09-22 09:30:35,13.75,19200,13.73,U
sh603871,嘉友国际,2025-09-22 09:30:38,13.77,49080,13.75,U
sh603871,嘉友国际,2025-09-22 09:30:44,13.83,19500,13.82,U
sh603871,嘉友国际,2025-09-22 09:30:47,13.83,48100,13.83,D
sh603871,嘉友国际,2025-09-22 09:30:50,13.83,171600,13.83,D
sh603871,嘉友国际,2025-09-22 09:30:53,13.84,27000,13.83,E
sh603871,嘉友国际,2025-09-22 09:30:56,13.97,50800,13.84,U
sh603871,嘉友国际,2025-09-22 09:30:59,13.85,31900,13.97,E
sh603871,嘉友国际,2025-09-22 09:31:02,13.89,23500,13.85,U
sh603871,嘉友国际,2025-09-22 09:31:08,13.88,28400,13.88,U
sh603871,嘉友国际,2025-09-22 09:31:11,13.9,33900,13.88,U
sh603871,嘉友国际,2025-09-22 09:31:14,13.92,21300,13.9,U
sh603871,嘉友国际,2025-09-22 09:31:17,13.9,34500,13.92,D
sh603871,嘉友国际,2025-09-22 09:31:23,13.88,22200,13.89,D
sh603871,嘉友国际,2025-09-22 09:31:29,13.84,47400,13.84,D
sh603871,嘉友国际,2025-09-22 09:31:38,13.73,16300,13.76,D
sh603871,嘉友国际,2025-09-22 09:31:44,13.71,21302,13.73,D
sh603871,嘉友国际,2025-09-22 09:31:47,13.7,60140,13.71,D
sh603871,嘉友国际,2025-09-22 09:31:50,13.75,39258,13.7,U
sh603871,嘉友国际,2025-09-22 09:32:11,13.73,26400,13.73,D
sh603871,嘉友国际,2025-09-22 09:32:23,13.74,134100,13.75,D
sh603871,嘉友国际,2025-09-22 09:32:26,13.72,20500,13.74,D
sh603871,嘉友国际,2025-09-22 09:32:29,13.69,74400,13.72,D
sh603871,嘉友国际,2025-09-22 09:32:35,13.67,20600,13.67,U
sh603871,嘉友国际,2025-09-22 09:32:44,13.66,35300,13.64,U
sh603871,嘉友国际,2025-09-22 09:32:47,13.67,21920,13.66,U
sh603871,嘉友国际,2025-09-22 09:33:02,13.68,32500,13.68,D
sh603871,嘉友国际,2025-09-22 09:33:29,13.71,27300,13.71,D
sh603871,嘉友国际,2025-09-22 09:33:32,13.71,16300,13.71,D
sh603871,嘉友国际,2025-09-22 09:33:47,13.69,44700,13.73,D
sh603871,嘉友国际,2025-09-22 09:34:08,13.7,31000,13.7,D
sh603871,嘉友国际,2025-09-22 09:34:14,13.69,18000,13.7,D
sh603871,嘉友国际,2025-09-22 09:34:44,13.65,30500,13.67,D
sh603871,嘉友国际,2025-09-22 09:34:50,13.64,16100,13.65,D
sh603871,嘉友国际,2025-09-22 09:34:53,13.61,39600,13.64,D
sh603871,嘉友国际,2025-09-22 09:35:08,13.6,50800,13.6,D
sh603871,嘉友国际,2025-09-22 09:35:11,13.59,88394,13.6,D
sh603871,嘉友国际,2025-09-22 09:35:14,13.58,14900,13.59,E
sh603871,嘉友国际,2025-09-22 09:35:32,13.57,61240,13.55,U
sh603871,嘉友国际,2025-09-22 09:35:44,13.59,50080,13.56,U
sh603871,嘉友国际,2025-09-22 09:35:56,13.6,17100,13.59,U
sh603871,嘉友国际,2025-09-22 09:36:14,13.64,32900,13.63,U
sh603871,嘉友国际,2025-09-22 09:36:41,13.64,17100,13.64,D
sh603871,嘉友国际,2025-09-22 09:37:38,13.6,16300,13.62,D
sh603871,嘉友国际,2025-09-22 09:38:08,13.63,16200,13.6,U
sh603871,嘉友国际,2025-09-22 09:38:11,13.66,24200,13.63,U
sh603871,嘉友国际,2025-09-22 09:38:50,13.7,41900,13.7,U
sh603871,嘉友国际,2025-09-22 09:38:53,13.71,24700,13.7,U
sh603871,嘉友国际,2025-09-22 09:39:02,13.74,20482,13.71,U
sh603871,嘉友国际,2025-09-22 09:39:05,13.78,25700,13.74,U
sh603871,嘉友国际,2025-09-22 09:39:08,13.78,27100,13.78,U
sh603871,嘉友国际,2025-09-22 09:39:14,13.74,21500,13.77,D
sh603871,嘉友国际,2025-09-22 09:39:17,13.77,146500,13.74,E
sh603871,嘉友国际,2025-09-22 09:39:26,13.77,18700,13.74,U
sh603871,嘉友国际,2025-09-22 09:39:29,13.76,16400,13.77,D
sh603871,嘉友国际,2025-09-22 09:39:38,13.76,22600,13.76,U
sh603871,嘉友国际,2025-09-22 09:40:17,13.65,37900,13.65,D
sh603871,嘉友国际,2025-09-22 09:40:23,13.67,45200,13.65,U
sh603871,嘉友国际,2025-09-22 09:40:35,13.68,15200,13.68,D
sh603871,嘉友国际,2025-09-22 09:40:44,13.69,28000,13.67,U
sh603871,嘉友国际,2025-09-22 09:41:26,13.67,73600,13.68,D
sh603871,嘉友国际,2025-09-22 09:41:44,13.7,42100,13.65,U
sh603871,嘉友国际,2025-09-22 09:42:05,13.73,19960,13.72,U
sh603871,嘉友国际,2025-09-22 09:42:14,13.74,27700,13.74,U
sh603871,嘉友国际,2025-09-22 09:42:23,13.72,62740,13.75,D
sh603871,嘉友国际,2025-09-22 09:42:35,13.71,22700,13.72,E
sh603871,嘉友国际,2025-09-22 09:43:02,13.74,28700,13.74,U
sh603871,嘉友国际,2025-09-22 09:43:08,13.79,246460,13.74,U
sh603871,嘉友国际,2025-09-22 09:43:53,13.73,18200,13.74,D
sh603871,嘉友国际,2025-09-22 09:44:05,13.73,25300,13.73,D
sh603871,嘉友国际,2025-09-22 09:44:38,13.71,26520,13.74,D
sh603871,嘉友国际,2025-09-22 09:44:59,13.71,42000,13.71,D
sh603871,嘉友国际,2025-09-22 09:46:50,13.66,25320,13.65,U
sh603871,嘉友国际,2025-09-22 09:47:35,13.65,16700,13.66,D
sh603871,嘉友国际,2025-09-22 09:48:53,13.6,41000,13.61,D
sh603871,嘉友国际,2025-09-22 09:49:17,13.59,40520,13.59,U
sh603871,嘉友国际,2025-09-22 09:49:20,13.62,15100,13.59,U
sh603871,嘉友国际,2025-09-22 09:51:29,13.62,19400,13.61,U
sh603871,嘉友国际,2025-09-22 09:51:50,13.6,16000,13.61,D
sh603871,嘉友国际,2025-09-22 09:52:05,13.6,14800,13.6,D
sh603871,嘉友国际,2025-09-22 09:52:11,13.62,19000,13.6,U
sh603871,嘉友国际,2025-09-22 09:52:47,13.67,27500,13.67,U
sh603871,嘉友国际,2025-09-22 09:52:50,13.65,107100,13.67,D
sh603871,嘉友国际,2025-09-22 09:53:14,13.68,54800,13.68,D
sh603871,嘉友国际,2025-09-22 09:53:47,13.66,20600,13.65,U
sh603871,嘉友国际,2025-09-22 09:55:23,13.66,17000,13.66,U
sh603871,嘉友国际,2025-09-22 09:55:44,13.65,15500,13.65,D
sh603871,嘉友国际,2025-09-22 09:58:08,13.68,26300,13.67,U
sh603871,嘉友国际,2025-09-22 09:58:53,13.63,21200,13.66,D
sh603871,嘉友国际,2025-09-22 09:59:56,13.61,29380,13.62,D
sh603871,嘉友国际,2025-09-22 10:00:05,13.61,18600,13.61,D
sh603871,嘉友国际,2025-09-22 10:00:14,13.6,21700,13.61,D
sh603871,嘉友国际,2025-09-22 10:00:17,13.6,87500,13.6,D
sh603871,嘉友国际,2025-09-22 10:00:32,13.58,43000,13.59,D
sh603871,嘉友国际,2025-09-22 10:01:02,13.56,15000,13.56,D
sh603871,嘉友国际,2025-09-22 10:01:14,13.55,16700,13.55,D
sh603871,嘉友国际,2025-09-22 10:02:02,13.54,18500,13.54,D
sh603871,嘉友国际,2025-09-22 10:02:05,13.56,22860,13.54,U
sh603871,嘉友国际,2025-09-22 10:02:32,13.58,19200,13.57,U
sh603871,嘉友国际,2025-09-22 10:03:38,13.59,61300,13.59,D
sh603871,嘉友国际,2025-09-22 10:03:44,13.6,24900,13.57,U
sh603871,嘉友国际,2025-09-22 10:04:26,13.59,17700,13.6,D
sh603871,嘉友国际,2025-09-22 10:05:08,13.61,17560,13.6,U
sh603871,嘉友国际,2025-09-22 10:05:50,13.6,21740,13.6,D
sh603871,嘉友国际,2025-09-22 10:07:05,13.54,18600,13.56,D
sh603871,嘉友国际,2025-09-22 10:08:20,13.55,29000,13.55,D
sh603871,嘉友国际,2025-09-22 10:08:44,13.55,30200,13.57,D
sh603871,嘉友国际,2025-09-22 10:09:35,13.52,28700,13.53,D
sh603871,嘉友国际,2025-09-22 10:09:53,13.52,21200,13.51,U
sh603871,嘉友国际,2025-09-22 10:10:02,13.54,23780,13.52,U
sh603871,嘉友国际,2025-09-22 10:10:47,13.53,15700,13.53,D
sh603871,嘉友国际,2025-09-22 10:11:05,13.56,16700,13.54,U
sh603871,嘉友国际,2025-09-22 10:11:11,13.54,16300,13.56,D
sh603871,嘉友国际,2025-09-22 10:11:35,13.57,22600,13.55,U
sh603871,嘉友国际,2025-09-22 10:13:41,13.52,74860,13.54,D
sh603871,嘉友国际,2025-09-22 10:14:35,13.49,44400,13.5,D
sh603871,嘉友国际,2025-09-22 10:14:53,13.47,18080,13.49,D
sh603871,嘉友国际,2025-09-22 10:15:05,13.49,18200,13.48,U
sh603871,嘉友国际,2025-09-22 10:15:08,13.49,15700,13.49,U
sh603871,嘉友国际,2025-09-22 10:15:17,13.52,58480,13.49,U
sh603871,嘉友国际,2025-09-22 10:17:41,13.53,25200,13.52,U
sh603871,嘉友国际,2025-09-22 10:25:35,13.53,16900,13.53,U
sh603871,嘉友国际,2025-09-22 10:28:17,13.55,15500,13.55,D
sh603871,嘉友国际,2025-09-22 10:31:29,13.57,15400,13.57,D
sh603871,嘉友国际,2025-09-22 10:32:23,13.55,41420,13.56,D
sh603871,嘉友国际,2025-09-22 10:33:29,13.54,30400,13.53,E
sh603871,嘉友国际,2025-09-22 10:34:35,13.5,44700,13.52,D
sh603871,嘉友国际,2025-09-22 10:36:14,13.52,19100,13.53,D
sh603871,嘉友国际,2025-09-22 10:41:11,13.51,73900,13.53,D
sh603871,嘉友国际,2025-09-22 10:42:50,13.5,29800,13.5,U
sh603871,嘉友国际,2025-09-22 10:44:29,13.48,24600,13.48,D
sh603871,嘉友国际,2025-09-22 10:45:20,13.46,19200,13.47,D
sh603871,嘉友国际,2025-09-22 10:45:23,13.47,26600,13.46,U
sh603871,嘉友国际,2025-09-22 10:45:26,13.45,21923,13.47,D
sh603871,嘉友国际,2025-09-22 10:45:29,13.44,20260,13.45,D
sh603871,嘉友国际,2025-09-22 10:45:32,13.42,27900,13.44,D
sh603871,嘉友国际,2025-09-22 10:46:08,13.41,16900,13.42,D
sh603871,嘉友国际,2025-09-22 10:47:32,13.41,30200,13.42,D
sh603871,嘉友国际,2025-09-22 10:47:53,13.41,26500,13.4,E
sh603871,嘉友国际,2025-09-22 10:51:08,13.49,40700,13.43,U
sh603871,嘉友国际,2025-09-22 10:52:02,13.44,69500,13.46,D
sh603871,嘉友国际,2025-09-22 10:55:26,13.43,16000,13.44,D
sh603871,嘉友国际,2025-09-22 10:57:26,13.44,22600,13.44,U
sh603871,嘉友国际,2025-09-22 11:00:38,13.44,18400,13.44,U
sh603871,嘉友国际,2025-09-22 11:01:56,13.45,39400,13.45,U
sh603871,嘉友国际,2025-09-22 11:07:08,13.47,71800,13.45,U
sh603871,嘉友国际,2025-09-22 11:07:11,13.47,24000,13.47,U
sh603871,嘉友国际,2025-09-22 11:07:14,13.47,24000,13.47,U
sh603871,嘉友国际,2025-09-22 11:07:47,13.46,16900,13.47,D
sh603871,嘉友国际,2025-09-22 11:12:08,13.46,16800,13.45,U
sh603871,嘉友国际,2025-09-22 11:15:32,13.47,16400,13.47,U
sh603871,嘉友国际,2025-09-22 11:15:47,13.47,17400,13.47,D
sh603871,嘉友国际,2025-09-22 11:19:17,13.45,29300,13.46,D
sh603871,嘉友国际,2025-09-22 11:24:59,13.46,16700,13.45,U
sh603871,嘉友国际,2025-09-22 11:25:47,13.45,16300,13.46,D
sh603871,嘉友国际,2025-09-22 11:27:05,13.48,95600,13.46,U
sh603871,嘉友国际,2025-09-22 11:29:17,13.5,97600,13.48,U
sh603871,嘉友国际,2025-09-22 13:00:02,13.53,17800,13.48,U
sh603871,嘉友国际,2025-09-22 13:00:08,13.53,25300,13.53,D
sh603871,嘉友国际,2025-09-22 13:00:11,13.47,29700,13.53,D
sh603871,嘉友国际,2025-09-22 13:00:38,13.45,17700,13.47,D
sh603871,嘉友国际,2025-09-22 13:07:05,13.44,29280,13.44,U
sh603871,嘉友国际,2025-09-22 13:09:17,13.44,18400,13.45,D
sh603871,嘉友国际,2025-09-22 13:10:41,13.44,34600,13.44,D
sh603871,嘉友国际,2025-09-22 13:15:20,13.45,28100,13.45,U
sh603871,嘉友国际,2025-09-22 13:15:23,13.45,23580,13.45,U
sh603871,嘉友国际,2025-09-22 13:16:05,13.43,26100,13.45,D
sh603871,嘉友国际,2025-09-22 13:16:59,13.43,29300,13.43,D
sh603871,嘉友国际,2025-09-22 13:18:08,13.41,31900,13.42,D
sh603871,嘉友国际,2025-09-22 13:18:11,13.41,16700,13.41,D
sh603871,嘉友国际,2025-09-22 13:18:35,13.41,22500,13.4,U
sh603871,嘉友国际,2025-09-22 13:19:23,13.42,30000,13.41,U
sh603871,嘉友国际,2025-09-22 13:19:53,13.43,32000,13.41,U
sh603871,嘉友国际,2025-09-22 13:20:47,13.39,47100,13.4,D
sh603871,嘉友国际,2025-09-22 13:21:08,13.39,19600,13.39,D
sh603871,嘉友国际,2025-09-22 13:21:44,13.38,31500,13.39,D
sh603871,嘉友国际,2025-09-22 13:22:08,13.39,22100,13.39,D
sh603871,嘉友国际,2025-09-22 13:22:14,13.4,21500,13.39,U
sh603871,嘉友国际,2025-09-22 13:22:26,13.39,25600,13.38,U
sh603871,嘉友国际,2025-09-22 13:22:29,13.41,38800,13.39,U
sh603871,嘉友国际,2025-09-22 13:22:32,13.42,115300,13.41,U
sh603871,嘉友国际,2025-09-22 13:23:23,13.4,16000,13.41,D
sh603871,嘉友国际,2025-09-22 13:24:32,13.4,44000,13.4,U
sh603871,嘉友国际,2025-09-22 13:25:50,13.41,29000,13.4,U
sh603871,嘉友国际,2025-09-22 13:25:56,13.42,18600,13.41,U
sh603871,嘉友国际,2025-09-22 13:25:59,13.41,31300,13.42,D
sh603871,嘉友国际,2025-09-22 13:28:38,13.39,27660,13.41,D
sh603871,嘉友国际,2025-09-22 13:31:47,13.4,18500,13.4,U
sh603871,嘉友国际,2025-09-22 13:31:56,13.41,43440,13.4,U
sh603871,嘉友国际,2025-09-22 13:36:14,13.38,44200,13.4,D
sh603871,嘉友国际,2025-09-22 13:36:20,13.38,18900,13.38,U
sh603871,嘉友国际,2025-09-22 13:38:47,13.37,23900,13.39,D
sh603871,嘉友国际,2025-09-22 13:42:32,13.34,144000,13.36,D
sh603871,嘉友国际,2025-09-22 13:42:41,13.34,80600,13.34,D
sh603871,嘉友国际,2025-09-22 13:43:02,13.36,80700,13.34,U
sh603871,嘉友国际,2025-09-22 13:50:53,13.36,66600,13.35,U
sh603871,嘉友国际,2025-09-22 13:50:56,13.37,28100,13.36,U
sh603871,嘉友国际,2025-09-22 13:51:32,13.36,19400,13.37,D
sh603871,嘉友国际,2025-09-22 13:51:50,13.35,41400,13.37,D
sh603871,嘉友国际,2025-09-22 13:57:14,13.36,50200,13.36,D
sh603871,嘉友国际,2025-09-22 14:07:08,13.34,18780,13.34,D
sh603871,嘉友国际,2025-09-22 14:07:20,13.32,106800,13.33,D
sh603871,嘉友国际,2025-09-22 14:07:23,13.31,203200,13.32,D
sh603871,嘉友国际,2025-09-22 14:08:38,13.29,65424,13.3,D
sh603871,嘉友国际,2025-09-22 14:08:41,13.29,74776,13.29,U
sh603871,嘉友国际,2025-09-22 14:09:17,13.3,46200,13.29,U
sh603871,嘉友国际,2025-09-22 14:09:47,13.3,24500,13.3,D
sh603871,嘉友国际,2025-09-22 14:10:14,13.3,53000,13.3,D
sh603871,嘉友国际,2025-09-22 14:10:41,13.3,15300,13.3,D
sh603871,嘉友国际,2025-09-22 14:13:29,13.29,26000,13.28,U
sh603871,嘉友国际,2025-09-22 14:14:53,13.3,20000,13.29,U
sh603871,嘉友国际,2025-09-22 14:15:02,13.3,33520,13.3,U
sh603871,嘉友国际,2025-09-22 14:15:44,13.29,34160,13.3,D
sh603871,嘉友国际,2025-09-22 14:16:53,13.28,50580,13.29,D
sh603871,嘉友国际,2025-09-22 14:17:35,13.27,15700,13.27,D
sh603871,嘉友国际,2025-09-22 14:17:38,13.28,19400,13.27,U
sh603871,嘉友国际,2025-09-22 14:17:50,13.27,21220,13.27,D
sh603871,嘉友国际,2025-09-22 14:18:14,13.27,17980,13.28,D
sh603871,嘉友国际,2025-09-22 14:19:23,13.29,33200,13.29,U
sh603871,嘉友国际,2025-09-22 14:19:41,13.3,31300,13.29,U
sh603871,嘉友国际,2025-09-22 14:19:44,13.3,23100,13.3,U
sh603871,嘉友国际,2025-09-22 14:21:05,13.33,25900,13.33,D
sh603871,嘉友国际,2025-09-22 14:28:14,13.31,22280,13.32,D
sh603871,嘉友国际,2025-09-22 14:29:08,13.3,120040,13.32,D
sh603871,嘉友国际,2025-09-22 14:31:41,13.32,33180,13.33,D
sh603871,嘉友国际,2025-09-22 14:33:20,13.31,29560,13.32,D
sh603871,嘉友国际,2025-09-22 14:35:44,13.31,78500,13.32,D
sh603871,嘉友国际,2025-09-22 14:35:53,13.29,27000,13.31,D
sh603871,嘉友国际,2025-09-22 14:36:02,13.3,18200,13.3,U
sh603871,嘉友国际,2025-09-22 14:37:20,13.3,124100,13.32,D
sh603871,嘉友国际,2025-09-22 14:37:47,13.31,51900,13.31,U
sh603871,嘉友国际,2025-09-22 14:37:50,13.33,50600,13.31,U
sh603871,嘉友国际,2025-09-22 14:37:53,13.34,48500,13.33,U
sh603871,嘉友国际,2025-09-22 14:37:56,13.37,56380,13.34,U
sh603871,嘉友国际,2025-09-22 14:37:59,13.34,21900,13.37,D
sh603871,嘉友国际,2025-09-22 14:38:32,13.33,36200,13.34,D
sh603871,嘉友国际,2025-09-22 14:39:20,13.28,30000,13.32,D
sh603871,嘉友国际,2025-09-22 14:40:08,13.3,32500,13.29,E
sh603871,嘉友国际,2025-09-22 14:40:41,13.28,32800,13.31,D
sh603871,嘉友国际,2025-09-22 14:41:41,13.28,35200,13.3,D
sh603871,嘉友国际,2025-09-22 14:43:05,13.3,49500,13.3,U
sh603871,嘉友国际,2025-09-22 14:44:20,13.31,24100,13.31,U
sh603871,嘉友国际,2025-09-22 14:44:41,13.31,49900,13.31,U
sh603871,嘉友国际,2025-09-22 14:46:59,13.34,26600,13.33,U
sh603871,嘉友国际,2025-09-22 14:47:35,13.34,17900,13.34,U
sh603871,嘉友国际,2025-09-22 14:48:29,13.34,54920,13.34,U
sh603871,嘉友国际,2025-09-22 14:50:05,13.33,16100,13.33,D
sh603871,嘉友国际,2025-09-22 14:52:05,13.33,19400,13.33,U
sh603871,嘉友国际,2025-09-22 14:54:50,13.35,15300,13.35,U
sh603871,嘉友国际,2025-09-22 14:55:32,13.35,24900,13.35,U
sh603871,嘉友国际,2025-09-22 14:55:38,13.35,16200,13.34,U
sh603871,嘉友国际,2025-09-22 14:55:56,13.36,17300,13.35,U
sh603871,嘉友国际,2025-09-22 15:00:01,13.37,85200,13.36,U
