symbol,name,ticktime,price,volume,prev_price,kind
sh603871,嘉友国际,2025-09-18 09:30:26,12.55,20700,12.55,D
sh603871,嘉友国际,2025-09-18 09:30:29,12.55,16100,12.55,U
sh603871,嘉友国际,2025-09-18 09:30:35,12.53,36100,12.54,D
sh603871,嘉友国际,2025-09-18 09:30:56,12.49,22600,12.49,U
sh603871,嘉友国际,2025-09-18 09:31:02,12.47,28800,12.48,D
sh603871,嘉友国际,2025-09-18 09:31:50,12.45,40700,12.47,D
sh603871,嘉友国际,2025-09-18 09:32:20,12.5,31500,12.46,U
sh603871,嘉友国际,2025-09-18 09:32:32,12.53,38300,12.51,U
sh603871,嘉友国际,2025-09-18 09:33:23,12.6,31500,12.6,U
sh603871,嘉友国际,2025-09-18 09:35:11,12.62,51548,12.6,U
sh603871,嘉友国际,2025-09-18 09:35:14,12.63,15852,12.62,U
sh603871,嘉友国际,2025-09-18 09:35:32,12.63,43300,12.63,U
sh603871,嘉友国际,2025-09-18 09:36:20,12.63,50000,12.6,U
sh603871,嘉友国际,2025-09-18 09:36:56,12.61,44000,12.61,D
sh603871,嘉友国际,2025-09-18 09:37:56,12.63,37700,12.61,U
sh603871,嘉友国际,2025-09-18 09:38:20,12.61,16200,12.58,U
sh603871,嘉友国际,2025-09-18 09:39:23,12.59,23500,12.61,D
sh603871,嘉友国际,2025-09-18 09:39:29,12.59,27400,12.59,D
sh603871,嘉友国际,2025-09-18 09:39:35,12.6,20100,12.59,D
sh603871,嘉友国际,2025-09-18 09:40:05,12.63,68900,12.62,U
sh603871,嘉友国际,2025-09-18 09:40:17,12.65,22000,12.64,U
sh603871,嘉友国际,2025-09-18 09:40:20,12.65,19500,12.65,U
sh603871,嘉友国际,2025-09-18 09:40:32,12.64,16500,12.64,U
sh603871,嘉友国际,2025-09-18 09:40:35,12.61,20200,12.64,U
sh603871,嘉友国际,2025-09-18 09:40:38,12.62,47400,12.61,U
sh603871,嘉友国际,2025-09-18 09:40:41,12.62,42300,12.62,U
sh603871,嘉友国际,2025-09-18 09:41:23,12.63,22400,12.64,D
sh603871,嘉友国际,2025-09-18 09:42:23,12.64,19000,12.61,U
sh603871,嘉友国际,2025-09-18 09:42:41,12.66,79900,12.63,U
sh603871,嘉友国际,2025-09-18 09:42:44,12.71,131300,12.66,U
sh603871,嘉友国际,2025-09-18 09:43:26,12.72,83800,12.7,U
sh603871,嘉友国际,2025-09-18 09:43:44,12.75,159500,12.71,U
sh603871,嘉友国际,2025-09-18 09:43:47,12.75,21400,12.75,D
sh603871,嘉友国际,2025-09-18 09:43:53,12.75,32400,12.75,U
sh603871,嘉友国际,2025-09-18 09:44:08,12.75,50000,12.73,U
sh603871,嘉友国际,2025-09-18 09:44:20,12.75,37500,12.75,D
sh603871,嘉友国际,2025-09-18 09:44:44,12.76,52300,12.69,U
sh603871,嘉友国际,2025-09-18 09:44:50,12.76,31400,12.72,U
sh603871,嘉友国际,2025-09-18 09:44:53,12.75,19600,12.76,D
sh603871,嘉友国际,2025-09-18 09:45:26,12.75,15900,12.74,U
sh603871,嘉友国际,2025-09-18 09:45:41,12.74,26248,12.75,D
sh603871,嘉友国际,2025-09-18 09:45:44,12.73,50752,12.74,D
sh603871,嘉友国际,2025-09-18 09:46:11,12.73,21500,12.73,D
sh603871,嘉友国际,2025-09-18 09:47:02,12.75,201600,12.71,U
sh603871,嘉友国际,2025-09-18 09:47:11,12.76,261248,12.75,U
sh603871,嘉友国际,2025-09-18 09:47:47,12.75,22501,12.77,D
sh603871,嘉友国际,2025-09-18 09:48:41,12.74,18100,12.74,U
sh603871,嘉友国际,2025-09-18 09:48:47,12.72,34500,12.73,D
sh603871,嘉友国际,2025-09-18 09:49:20,12.75,16100,12.72,U
sh603871,嘉友国际,2025-09-18 09:49:47,12.75,42600,12.73,U
sh603871,嘉友国际,2025-09-18 09:50:20,12.75,35300,12.72,U
sh603871,嘉友国际,2025-09-18 09:51:02,12.76,17200,12.75,U
sh603871,嘉友国际,2025-09-18 09:51:32,12.73,30500,12.74,D
sh603871,嘉友国际,2025-09-18 09:51:44,12.74,32100,12.73,U
sh603871,嘉友国际,2025-09-18 09:51:56,12.74,22000,12.75,D
sh603871,嘉友国际,2025-09-18 09:52:05,12.75,38200,12.73,U
sh603871,嘉友国际,2025-09-18 09:52:08,12.74,20500,12.75,D
sh603871,嘉友国际,2025-09-18 09:52:32,12.76,22320,12.76,U
sh603871,嘉友国际,2025-09-18 09:53:17,12.75,91420,12.76,D
sh603871,嘉友国际,2025-09-18 09:53:23,12.74,172700,12.74,U
sh603871,嘉友国际,2025-09-18 09:53:56,12.78,67800,12.76,U
sh603871,嘉友国际,2025-09-18 09:54:35,12.78,26400,12.78,D
sh603871,嘉友国际,2025-09-18 09:54:56,12.79,18400,12.78,U
sh603871,嘉友国际,2025-09-18 09:55:29,12.82,249800,12.78,U
sh603871,嘉友国际,2025-09-18 09:55:32,12.81,20000,12.82,D
sh603871,嘉友国际,2025-09-18 09:55:38,12.82,45500,12.81,U
sh603871,嘉友国际,2025-09-18 09:57:23,12.83,64220,12.81,U
sh603871,嘉友国际,2025-09-18 09:57:26,12.83,52300,12.83,U
sh603871,嘉友国际,2025-09-18 09:57:38,12.82,18200,12.84,D
sh603871,嘉友国际,2025-09-18 10:03:17,12.76,30000,12.75,U
sh603871,嘉友国际,2025-09-18 10:03:59,12.76,20800,12.78,D
sh603871,嘉友国际,2025-09-18 10:04:41,12.77,18500,12.76,U
sh603871,嘉友国际,2025-09-18 10:09:59,12.78,27500,12.78,D
sh603871,嘉友国际,2025-09-18 10:10:20,12.8,39800,12.79,U
sh603871,嘉友国际,2025-09-18 10:10:26,12.8,25660,12.8,U
sh603871,嘉友国际,2025-09-18 10:10:56,12.82,157400,12.81,U
sh603871,嘉友国际,2025-09-18 10:12:08,12.83,17500,12.83,D
sh603871,嘉友国际,2025-09-18 10:12:41,12.86,441500,12.83,U
sh603871,嘉友国际,2025-09-18 10:12:44,12.86,54100,12.86,U
sh603871,嘉友国际,2025-09-18 10:12:56,12.88,26560,12.86,U
sh603871,嘉友国际,2025-09-18 10:15:59,12.85,19420,12.84,U
sh603871,嘉友国际,2025-09-18 10:18:23,12.84,62236,12.82,U
sh603871,嘉友国际,2025-09-18 10:18:50,12.84,34880,12.86,D
sh603871,嘉友国际,2025-09-18 10:18:53,12.86,17120,12.84,U
sh603871,嘉友国际,2025-09-18 10:19:44,12.86,48700,12.85,U
sh603871,嘉友国际,2025-09-18 10:20:32,12.91,373360,12.87,U
sh603871,嘉友国际,2025-09-18 10:20:41,12.93,29340,12.92,U
sh603871,嘉友国际,2025-09-18 10:20:50,12.93,25500,12.92,E
sh603871,嘉友国际,2025-09-18 10:20:56,12.94,22900,12.94,U
sh603871,嘉友国际,2025-09-18 10:21:11,12.94,16600,12.95,D
sh603871,嘉友国际,2025-09-18 10:21:38,12.95,117800,12.94,U
sh603871,嘉友国际,2025-09-18 10:21:41,12.95,15900,12.95,D
sh603871,嘉友国际,2025-09-18 10:22:05,12.94,19260,12.97,D
sh603871,嘉友国际,2025-09-18 10:22:08,12.97,29940,12.94,U
sh603871,嘉友国际,2025-09-18 10:22:53,12.94,20400,12.94,U
sh603871,嘉友国际,2025-09-18 10:23:47,12.94,39600,12.94,U
sh603871,嘉友国际,2025-09-18 10:23:56,12.95,37600,12.94,U
sh603871,嘉友国际,2025-09-18 10:24:14,12.98,171680,12.97,U
sh603871,嘉友国际,2025-09-18 10:24:17,12.98,62000,12.98,U
sh603871,嘉友国际,2025-09-18 10:24:29,12.99,29200,12.98,U
sh603871,嘉友国际,2025-09-18 10:24:35,12.99,42700,12.99,U
sh603871,嘉友国际,2025-09-18 10:24:41,12.99,42600,12.99,U
sh603871,嘉友国际,2025-09-18 10:24:50,12.99,21260,12.99,U
sh603871,嘉友国际,2025-09-18 10:25:08,13.0,18400,12.99,U
sh603871,嘉友国际,2025-09-18 10:25:14,13.0,15500,13.0,U
sh603871,嘉友国际,2025-09-18 10:25:20,12.99,33760,13.0,D
sh603871,嘉友国际,2025-09-18 10:25:44,13.0,19500,13.0,U
sh603871,嘉友国际,2025-09-18 10:26:02,12.98,20660,12.97,U
sh603871,嘉友国际,2025-09-18 10:26:05,12.97,45840,12.98,D
sh603871,嘉友国际,2025-09-18 10:26:08,12.99,40300,12.97,U
sh603871,嘉友国际,2025-09-18 10:26:14,12.96,52020,12.98,D
sh603871,嘉友国际,2025-09-18 10:26:17,12.99,27900,12.96,U
sh603871,嘉友国际,2025-09-18 10:26:35,12.99,24284,12.99,D
sh603871,嘉友国际,2025-09-18 10:27:17,12.96,26800,12.98,D
sh603871,嘉友国际,2025-09-18 10:28:02,12.95,30000,12.93,U
sh603871,嘉友国际,2025-09-18 10:31:11,12.94,27040,12.94,U
sh603871,嘉友国际,2025-09-18 10:31:17,12.96,127600,12.95,U
sh603871,嘉友国际,2025-09-18 10:31:20,12.98,19100,12.96,U
sh603871,嘉友国际,2025-09-18 10:31:23,12.98,25300,12.98,U
sh603871,嘉友国际,2025-09-18 10:32:56,12.95,62800,12.97,D
sh603871,嘉友国际,2025-09-18 10:33:11,12.96,15800,12.96,D
sh603871,嘉友国际,2025-09-18 10:35:02,12.96,16000,12.96,D
sh603871,嘉友国际,2025-09-18 10:36:14,12.97,52300,12.97,U
sh603871,嘉友国际,2025-09-18 10:36:29,12.98,22800,12.97,U
sh603871,嘉友国际,2025-09-18 10:36:32,12.98,77780,12.98,U
sh603871,嘉友国际,2025-09-18 10:36:53,12.99,16100,12.99,U
sh603871,嘉友国际,2025-09-18 10:37:14,12.99,18300,12.98,U
sh603871,嘉友国际,2025-09-18 10:37:41,12.98,17300,12.98,D
sh603871,嘉友国际,2025-09-18 10:39:26,12.96,22200,12.96,D
sh603871,嘉友国际,2025-09-18 10:41:50,12.97,19300,12.97,U
sh603871,嘉友国际,2025-09-18 10:45:08,12.89,21400,12.9,D
sh603871,嘉友国际,2025-09-18 10:51:59,12.9,16300,12.9,U
sh603871,嘉友国际,2025-09-18 10:52:05,12.91,27940,12.9,U
sh603871,嘉友国际,2025-09-18 10:52:11,12.92,19000,12.91,U
sh603871,嘉友国际,2025-09-18 10:52:17,12.94,49020,12.92,U
sh603871,嘉友国际,2025-09-18 10:54:02,12.95,18000,12.95,D
sh603871,嘉友国际,2025-09-18 10:57:44,12.93,25000,12.93,U
sh603871,嘉友国际,2025-09-18 11:00:35,12.96,17500,12.94,U
sh603871,嘉友国际,2025-09-18 11:01:26,12.98,63620,12.97,U
sh603871,嘉友国际,2025-09-18 11:01:29,12.98,41300,12.98,U
sh603871,嘉友国际,2025-09-18 11:02:44,12.98,82100,12.98,U
sh603871,嘉友国际,2025-09-18 11:02:47,12.98,19100,12.98,D
sh603871,嘉友国际,2025-09-18 11:05:29,12.98,17500,12.98,U
sh603871,嘉友国际,2025-09-18 11:05:32,12.98,17800,12.98,D
sh603871,嘉友国际,2025-09-18 11:05:44,13.03,528774,12.98,U
sh603871,嘉友国际,2025-09-18 11:05:47,13.03,15500,13.03,U
sh603871,嘉友国际,2025-09-18 11:06:05,13.04,23600,13.04,D
sh603871,嘉友国际,2025-09-18 11:06:08,13.05,18600,13.04,U
sh603871,嘉友国际,2025-09-18 11:06:14,13.06,21100,13.05,U
sh603871,嘉友国际,2025-09-18 11:06:29,13.05,44800,13.06,D
sh603871,嘉友国际,2025-09-18 11:06:32,13.07,34552,13.05,U
sh603871,嘉友国际,2025-09-18 11:06:53,13.08,19500,13.07,U
sh603871,嘉友国际,2025-09-18 11:07:17,13.08,25400,13.07,U
sh603871,嘉友国际,2025-09-18 11:07:26,13.07,20900,13.08,D
sh603871,嘉友国际,2025-09-18 11:07:50,13.07,15780,13.07,D
sh603871,嘉友国际,2025-09-18 11:07:56,13.07,20100,13.07,D
sh603871,嘉友国际,2025-09-18 11:07:59,13.07,20700,13.07,D
sh603871,嘉友国际,2025-09-18 11:08:02,13.07,61120,13.07,D
sh603871,嘉友国际,2025-09-18 11:08:11,13.06,21400,13.06,D
sh603871,嘉友国际,2025-09-18 11:08:20,13.08,24080,13.07,U
sh603871,嘉友国际,2025-09-18 11:08:23,13.13,554218,13.08,U
sh603871,嘉友国际,2025-09-18 11:08:26,13.13,57800,13.13,U
sh603871,嘉友国际,2025-09-18 11:08:29,13.14,17100,13.13,U
sh603871,嘉友国际,2025-09-18 11:08:38,13.15,38300,13.15,U
sh603871,嘉友国际,2025-09-18 11:09:08,13.13,32600,13.14,D
sh603871,嘉友国际,2025-09-18 11:09:17,13.13,21700,13.14,D
sh603871,嘉友国际,2025-09-18 11:09:20,13.15,101160,13.13,U
sh603871,嘉友国际,2025-09-18 11:09:23,13.17,39600,13.15,U
sh603871,嘉友国际,2025-09-18 11:09:32,13.17,76000,13.17,U
sh603871,嘉友国际,2025-09-18 11:09:35,13.18,37136,13.17,U
sh603871,嘉友国际,2025-09-18 11:09:38,13.18,15700,13.18,D
sh603871,嘉友国际,2025-09-18 11:09:41,13.18,23900,13.18,U
sh603871,嘉友国际,2025-09-18 11:09:47,13.18,15600,13.18,D
sh603871,嘉友国际,2025-09-18 11:09:50,13.18,31800,13.18,D
sh603871,嘉友国际,2025-09-18 11:09:56,13.18,16500,13.18,U
sh603871,嘉友国际,2025-09-18 11:09:59,13.18,15500,13.18,U
sh603871,嘉友国际,2025-09-18 11:10:05,13.17,30000,13.17,D
sh603871,嘉友国际,2025-09-18 11:10:14,13.17,23400,13.17,D
sh603871,嘉友国际,2025-09-18 11:10:41,13.15,17800,13.16,D
sh603871,嘉友国际,2025-09-18 11:10:53,13.14,23100,13.15,D
sh603871,嘉友国际,2025-09-18 11:10:56,13.15,25900,13.14,E
sh603871,嘉友国际,2025-09-18 11:10:59,13.17,56120,13.15,U
sh603871,嘉友国际,2025-09-18 11:11:02,13.16,25600,13.17,D
sh603871,嘉友国际,2025-09-18 11:11:05,13.18,23300,13.16,U
sh603871,嘉友国际,2025-09-18 11:11:11,13.16,34900,13.16,U
sh603871,嘉友国际,2025-09-18 11:11:20,13.16,60500,13.15,U
sh603871,嘉友国际,2025-09-18 11:11:44,13.16,27500,13.16,U
sh603871,嘉友国际,2025-09-18 11:11:56,13.17,22900,13.17,U
sh603871,嘉友国际,2025-09-18 11:11:59,13.17,26000,13.17,D
sh603871,嘉友国际,2025-09-18 11:12:35,13.18,30000,13.16,U
sh603871,嘉友国际,2025-09-18 11:12:50,13.18,54300,13.17,U
sh603871,嘉友国际,2025-09-18 11:12:53,13.17,15700,13.18,D
sh603871,嘉友国际,2025-09-18 11:12:59,13.19,197651,13.18,U
sh603871,嘉友国际,2025-09-18 11:13:02,13.21,141320,13.19,U
sh603871,嘉友国际,2025-09-18 11:13:05,13.2,20600,13.21,D
sh603871,嘉友国际,2025-09-18 11:13:08,13.22,27600,13.2,U
sh603871,嘉友国际,2025-09-18 11:13:14,13.22,19800,13.22,U
sh603871,嘉友国际,2025-09-18 11:13:17,13.22,28800,13.22,D
sh603871,嘉友国际,2025-09-18 11:13:23,13.23,21500,13.22,U
sh603871,嘉友国际,2025-09-18 11:13:26,13.23,23900,13.23,U
sh603871,嘉友国际,2025-09-18 11:13:32,13.24,40900,13.23,U
sh603871,嘉友国际,2025-09-18 11:13:35,13.23,19700,13.24,D
sh603871,嘉友国际,2025-09-18 11:13:47,13.22,38200,13.24,D
sh603871,嘉友国际,2025-09-18 11:14:05,13.23,15300,13.22,U
sh603871,嘉友国际,2025-09-18 11:14:08,13.23,25700,13.23,U
sh603871,嘉友国际,2025-09-18 11:14:23,13.21,25500,13.2,D
sh603871,嘉友国际,2025-09-18 11:14:26,13.21,18400,13.21,D
sh603871,嘉友国际,2025-09-18 11:14:32,13.25,68000,13.22,U
sh603871,嘉友国际,2025-09-18 11:14:35,13.26,180580,13.25,U
sh603871,嘉友国际,2025-09-18 11:14:38,13.27,19100,13.26,U
sh603871,嘉友国际,2025-09-18 11:14:44,13.28,18900,13.27,U
sh603871,嘉友国际,2025-09-18 11:14:50,13.27,28800,13.28,D
sh603871,嘉友国际,2025-09-18 11:14:59,13.29,66860,13.28,U
sh603871,嘉友国际,2025-09-18 11:15:02,13.29,36900,13.29,D
sh603871,嘉友国际,2025-09-18 11:15:05,13.3,64900,13.29,U
sh603871,嘉友国际,2025-09-18 11:15:11,13.3,24880,13.3,D
sh603871,嘉友国际,2025-09-18 11:15:14,13.29,50633,13.3,D
sh603871,嘉友国际,2025-09-18 11:15:17,13.29,53827,13.29,D
sh603871,嘉友国际,2025-09-18 11:15:23,13.26,18000,13.29,D
sh603871,嘉友国际,2025-09-18 11:15:26,13.26,84000,13.26,D
sh603871,嘉友国际,2025-09-18 11:15:32,13.29,16700,13.28,U
sh603871,嘉友国际,2025-09-18 11:15:35,13.29,16800,13.29,D
sh603871,嘉友国际,2025-09-18 11:16:02,13.27,20120,13.28,D
sh603871,嘉友国际,2025-09-18 11:16:08,13.25,48000,13.28,D
sh603871,嘉友国际,2025-09-18 11:16:20,13.24,17000,13.24,D
sh603871,嘉友国际,2025-09-18 11:16:26,13.24,20000,13.24,D
sh603871,嘉友国际,2025-09-18 11:21:11,13.18,26400,13.17,U
sh603871,嘉友国际,2025-09-18 11:22:38,13.16,38500,13.17,D
sh603871,嘉友国际,2025-09-18 11:24:08,13.16,15500,13.16,D
sh603871,嘉友国际,2025-09-18 11:24:20,13.17,76200,13.17,U
sh603871,嘉友国际,2025-09-18 11:24:23,13.18,40800,13.17,U
sh603871,嘉友国际,2025-09-18 11:24:26,13.18,48000,13.18,U
sh603871,嘉友国际,2025-09-18 11:24:32,13.19,19100,13.19,U
sh603871,嘉友国际,2025-09-18 11:24:53,13.17,22360,13.19,D
sh603871,嘉友国际,2025-09-18 11:25:14,13.17,15800,13.16,U
sh603871,嘉友国际,2025-09-18 11:27:26,13.16,34600,13.16,U
sh603871,嘉友国际,2025-09-18 11:27:35,13.17,57700,13.16,U
sh603871,嘉友国际,2025-09-18 11:27:44,13.17,16900,13.17,U
sh603871,嘉友国际,2025-09-18 13:00:02,13.19,24660,13.18,U
sh603871,嘉友国际,2025-09-18 13:00:05,13.19,20100,13.19,D
sh603871,嘉友国际,2025-09-18 13:00:08,13.19,69900,13.19,D
sh603871,嘉友国际,2025-09-18 13:00:11,13.19,25220,13.19,D
sh603871,嘉友国际,2025-09-18 13:00:17,13.2,28400,13.19,U
sh603871,嘉友国际,2025-09-18 13:00:35,13.21,23600,13.21,U
sh603871,嘉友国际,2025-09-18 13:01:02,13.24,15400,13.23,U
sh603871,嘉友国际,2025-09-18 13:01:08,13.25,17900,13.24,U
sh603871,嘉友国际,2025-09-18 13:01:14,13.26,20360,13.25,U
sh603871,嘉友国际,2025-09-18 13:01:26,13.26,28200,13.25,U
sh603871,嘉友国际,2025-09-18 13:01:50,13.25,29500,13.26,D
sh603871,嘉友国际,2025-09-18 13:02:23,13.24,29900,13.24,D
sh603871,嘉友国际,2025-09-18 13:02:32,13.25,18600,13.25,U
sh603871,嘉友国际,2025-09-18 13:02:41,13.27,21300,13.25,U
sh603871,嘉友国际,2025-09-18 13:02:50,13.28,17300,13.27,U
sh603871,嘉友国际,2025-09-18 13:02:56,13.28,33300,13.28,U
sh603871,嘉友国际,2025-09-18 13:03:02,13.29,18800,13.28,U
sh603871,嘉友国际,2025-09-18 13:04:14,13.29,59300,13.29,U
sh603871,嘉友国际,2025-09-18 13:04:17,13.3,33400,13.29,U
sh603871,嘉友国际,2025-09-18 13:04:20,13.32,82140,13.3,U
sh603871,嘉友国际,2025-09-18 13:04:23,13.32,54900,13.32,U
sh603871,嘉友国际,2025-09-18 13:04:29,13.32,53700,13.31,U
sh603871,嘉友国际,2025-09-18 13:04:41,13.32,27400,13.32,U
sh603871,嘉友国际,2025-09-18 13:05:02,13.3,35000,13.32,D
sh603871,嘉友国际,2025-09-18 13:05:14,13.29,20400,13.29,D
sh603871,嘉友国际,2025-09-18 13:09:14,13.28,24300,13.26,U
sh603871,嘉友国际,2025-09-18 13:09:20,13.29,50100,13.29,U
sh603871,嘉友国际,2025-09-18 13:09:29,13.29,29620,13.28,U
sh603871,嘉友国际,2025-09-18 13:09:32,13.3,25600,13.29,U
sh603871,嘉友国际,2025-09-18 13:09:35,13.31,28128,13.3,U
sh603871,嘉友国际,2025-09-18 13:09:38,13.29,60200,13.31,D
sh603871,嘉友国际,2025-09-18 13:09:41,13.3,20900,13.29,E
sh603871,嘉友国际,2025-09-18 13:10:17,13.28,18352,13.29,D
sh603871,嘉友国际,2025-09-18 13:11:53,13.27,18000,13.28,D
sh603871,嘉友国际,2025-09-18 13:12:02,13.27,16220,13.26,U
sh603871,嘉友国际,2025-09-18 13:12:44,13.3,44800,13.29,U
sh603871,嘉友国际,2025-09-18 13:12:47,13.3,28000,13.3,U
sh603871,嘉友国际,2025-09-18 13:12:50,13.29,17000,13.3,D
sh603871,嘉友国际,2025-09-18 13:12:56,13.3,25200,13.3,D
sh603871,嘉友国际,2025-09-18 13:13:38,13.3,18800,13.3,U
sh603871,嘉友国际,2025-09-18 13:14:26,13.29,18000,13.3,D
sh603871,嘉友国际,2025-09-18 13:14:29,13.3,18200,13.29,U
sh603871,嘉友国际,2025-09-18 13:15:05,13.3,32400,13.29,U
sh603871,嘉友国际,2025-09-18 13:15:08,13.31,52844,13.3,U
sh603871,嘉友国际,2025-09-18 13:15:11,13.35,194980,13.31,U
sh603871,嘉友国际,2025-09-18 13:15:14,13.35,91400,13.35,U
sh603871,嘉友国际,2025-09-18 13:15:17,13.37,25400,13.35,U
sh603871,嘉友国际,2025-09-18 13:15:26,13.38,37000,13.38,U
sh603871,嘉友国际,2025-09-18 13:15:38,13.38,57200,13.38,U
sh603871,嘉友国际,2025-09-18 13:15:53,13.38,50320,13.37,U
sh603871,嘉友国际,2025-09-18 13:16:11,13.39,60000,13.39,U
sh603871,嘉友国际,2025-09-18 13:16:17,13.4,21000,13.39,U
sh603871,嘉友国际,2025-09-18 13:16:26,13.41,25400,13.4,U
sh603871,嘉友国际,2025-09-18 13:16:38,13.44,44880,13.42,U
sh603871,嘉友国际,2025-09-18 13:16:41,13.44,24800,13.44,U
sh603871,嘉友国际,2025-09-18 13:16:44,13.45,29200,13.44,U
sh603871,嘉友国际,2025-09-18 13:16:47,13.44,26400,13.45,E
sh603871,嘉友国际,2025-09-18 13:16:50,13.43,19600,13.44,D
sh603871,嘉友国际,2025-09-18 13:16:53,13.44,27520,13.43,U
sh603871,嘉友国际,2025-09-18 13:16:56,13.43,23600,13.44,E
sh603871,嘉友国际,2025-09-18 13:17:02,13.44,24800,13.44,U
sh603871,嘉友国际,2025-09-18 13:17:08,13.43,15400,13.44,U
sh603871,嘉友国际,2025-09-18 13:17:23,13.43,22300,13.42,U
sh603871,嘉友国际,2025-09-18 13:17:35,13.44,39400,13.43,U
sh603871,嘉友国际,2025-09-18 13:17:41,13.44,22540,13.44,D
sh603871,嘉友国际,2025-09-18 13:17:47,13.45,18700,13.45,U
sh603871,嘉友国际,2025-09-18 13:17:56,13.44,20500,13.44,D
sh603871,嘉友国际,2025-09-18 13:18:02,13.41,46900,13.45,D
sh603871,嘉友国际,2025-09-18 13:18:05,13.44,38100,13.41,U
sh603871,嘉友国际,2025-09-18 13:18:17,13.42,22800,13.42,D
sh603871,嘉友国际,2025-09-18 13:18:47,13.41,52800,13.41,D
sh603871,嘉友国际,2025-09-18 13:18:56,13.44,22323,13.42,U
sh603871,嘉友国际,2025-09-18 13:18:59,13.42,22300,13.44,D
sh603871,嘉友国际,2025-09-18 13:19:02,13.45,20500,13.42,U
sh603871,嘉友国际,2025-09-18 13:19:20,13.41,40457,13.43,D
sh603871,嘉友国际,2025-09-18 13:25:59,13.26,30000,13.25,U
sh603871,嘉友国际,2025-09-18 13:26:17,13.25,18920,13.25,D
sh603871,嘉友国际,2025-09-18 13:26:20,13.28,16500,13.25,U
sh603871,嘉友国际,2025-09-18 13:26:29,13.26,23800,13.29,D
sh603871,嘉友国际,2025-09-18 13:26:47,13.25,27600,13.26,D
sh603871,嘉友国际,2025-09-18 13:26:53,13.26,15700,13.25,U
sh603871,嘉友国际,2025-09-18 13:26:59,13.26,18600,13.25,U
sh603871,嘉友国际,2025-09-18 13:27:05,13.25,21500,13.26,D
sh603871,嘉友国际,2025-09-18 13:29:59,13.19,17100,13.19,U
sh603871,嘉友国际,2025-09-18 13:30:11,13.19,15400,13.2,D
sh603871,嘉友国际,2025-09-18 13:30:14,13.21,16200,13.19,U
sh603871,嘉友国际,2025-09-18 13:30:17,13.22,26000,13.21,U
sh603871,嘉友国际,2025-09-18 13:31:14,13.23,30600,13.23,D
sh603871,嘉友国际,2025-09-18 13:33:38,13.23,50000,13.23,D
sh603871,嘉友国际,2025-09-18 13:33:41,13.23,19700,13.23,U
sh603871,嘉友国际,2025-09-18 13:35:20,13.19,77000,13.2,D
sh603871,嘉友国际,2025-09-18 13:36:08,13.22,26740,13.21,U
sh603871,嘉友国际,2025-09-18 13:41:56,13.21,66760,13.19,U
sh603871,嘉友国际,2025-09-18 13:44:38,13.19,29300,13.18,E
sh603871,嘉友国际,2025-09-18 13:47:44,13.15,23160,13.16,D
sh603871,嘉友国际,2025-09-18 13:48:02,13.14,16800,13.13,U
sh603871,嘉友国际,2025-09-18 13:48:14,13.12,47700,13.14,D
sh603871,嘉友国际,2025-09-18 13:48:26,13.11,16200,13.12,D
sh603871,嘉友国际,2025-09-18 13:48:29,13.11,30000,13.11,U
sh603871,嘉友国际,2025-09-18 13:48:32,13.11,28500,13.11,D
sh603871,嘉友国际,2025-09-18 13:48:41,13.11,15400,13.11,D
sh603871,嘉友国际,2025-09-18 13:49:08,13.13,16000,13.13,U
sh603871,嘉友国际,2025-09-18 13:50:47,13.12,24700,13.09,U
sh603871,嘉友国际,2025-09-18 13:50:56,13.09,21700,13.1,D
sh603871,嘉友国际,2025-09-18 13:50:59,13.09,20200,13.09,D
sh603871,嘉友国际,2025-09-18 13:51:02,13.12,19400,13.09,U
sh603871,嘉友国际,2025-09-18 13:51:41,13.15,19200,13.13,U
sh603871,嘉友国际,2025-09-18 13:55:05,13.1,35000,13.11,D
sh603871,嘉友国际,2025-09-18 13:55:44,13.1,55800,13.12,D
sh603871,嘉友国际,2025-09-18 13:58:17,13.15,17600,13.15,D
sh603871,嘉友国际,2025-09-18 13:59:11,13.13,19500,13.13,D
sh603871,嘉友国际,2025-09-18 14:01:26,13.09,28400,13.09,D
sh603871,嘉友国际,2025-09-18 14:01:35,13.09,30760,13.08,U
sh603871,嘉友国际,2025-09-18 14:02:11,13.1,37820,13.09,U
sh603871,嘉友国际,2025-09-18 14:02:29,13.12,54820,13.09,U
sh603871,嘉友国际,2025-09-18 14:03:20,13.14,45300,13.1,U
sh603871,嘉友国际,2025-09-18 14:06:05,13.03,21600,13.03,D
sh603871,嘉友国际,2025-09-18 14:07:29,13.03,19300,13.03,D
sh603871,嘉友国际,2025-09-18 14:08:11,13.01,54280,13.01,D
sh603871,嘉友国际,2025-09-18 14:08:14,13.02,28600,13.01,U
sh603871,嘉友国际,2025-09-18 14:08:17,13.01,26300,13.02,D
sh603871,嘉友国际,2025-09-18 14:08:47,13.03,20200,13.02,U
sh603871,嘉友国际,2025-09-18 14:08:50,13.05,140760,13.03,U
sh603871,嘉友国际,2025-09-18 14:08:53,13.02,23900,13.05,D
sh603871,嘉友国际,2025-09-18 14:09:17,13.04,20760,13.02,U
sh603871,嘉友国际,2025-09-18 14:10:08,13.05,51900,13.04,U
sh603871,嘉友国际,2025-09-18 14:11:29,13.03,15997,13.04,D
sh603871,嘉友国际,2025-09-18 14:11:50,13.02,18500,13.03,D
sh603871,嘉友国际,2025-09-18 14:12:32,13.04,18700,13.03,U
sh603871,嘉友国际,2025-09-18 14:12:44,13.01,25360,13.01,D
sh603871,嘉友国际,2025-09-18 14:13:20,13.0,23700,13.0,D
sh603871,嘉友国际,2025-09-18 14:13:41,13.0,29300,13.0,D
sh603871,嘉友国际,2025-09-18 14:13:59,13.0,21017,13.0,U
sh603871,嘉友国际,2025-09-18 14:14:02,13.01,39140,13.0,U
sh603871,嘉友国际,2025-09-18 14:14:11,13.02,18600,13.02,D
sh603871,嘉友国际,2025-09-18 14:14:14,13.03,15400,13.02,U
sh603871,嘉友国际,2025-09-18 14:15:14,13.04,15900,13.03,U
sh603871,嘉友国际,2025-09-18 14:16:56,13.04,16100,13.02,U
sh603871,嘉友国际,2025-09-18 14:18:38,13.05,120100,13.04,U
sh603871,嘉友国际,2025-09-18 14:18:41,13.05,42200,13.05,U
sh603871,嘉友国际,2025-09-18 14:18:44,13.05,17500,13.05,U
sh603871,嘉友国际,2025-09-18 14:18:47,13.04,33400,13.05,D
sh603871,嘉友国际,2025-09-18 14:19:23,13.04,24920,13.04,U
sh603871,嘉友国际,2025-09-18 14:20:23,13.01,17700,13.03,D
sh603871,嘉友国际,2025-09-18 14:23:41,13.01,16100,13.02,D
sh603871,嘉友国际,2025-09-18 14:24:23,12.99,31600,12.99,D
sh603871,嘉友国际,2025-09-18 14:25:35,12.97,24100,12.97,D
sh603871,嘉友国际,2025-09-18 14:27:35,12.94,113200,12.95,D
sh603871,嘉友国际,2025-09-18 14:27:41,12.97,38600,12.95,U
sh603871,嘉友国际,2025-09-18 14:28:02,12.94,27100,12.93,U
sh603871,嘉友国际,2025-09-18 14:28:05,12.94,20400,12.94,D
sh603871,嘉友国际,2025-09-18 14:29:20,12.95,44080,12.94,U
sh603871,嘉友国际,2025-09-18 14:31:23,12.96,26600,12.94,U
sh603871,嘉友国际,2025-09-18 14:31:26,12.95,25300,12.96,D
sh603871,嘉友国际,2025-09-18 14:32:11,13.01,33240,13.0,U
sh603871,嘉友国际,2025-09-18 14:32:29,13.03,25700,13.01,U
sh603871,嘉友国际,2025-09-18 14:32:38,13.03,27900,13.03,D
sh603871,嘉友国际,2025-09-18 14:34:41,13.0,16300,13.0,D
sh603871,嘉友国际,2025-09-18 14:35:32,12.99,15600,12.99,D
sh603871,嘉友国际,2025-09-18 14:36:17,13.0,28900,12.96,U
sh603871,嘉友国际,2025-09-18 14:38:02,12.93,20000,12.93,D
sh603871,嘉友国际,2025-09-18 14:38:20,12.94,18780,12.93,U
sh603871,嘉友国际,2025-09-18 14:39:26,12.93,16090,12.93,D
sh603871,嘉友国际,2025-09-18 14:41:14,12.9,28300,12.9,D
sh603871,嘉友国际,2025-09-18 14:41:23,12.9,29800,12.89,U
sh603871,嘉友国际,2025-09-18 14:41:47,12.88,20600,12.88,D
sh603871,嘉友国际,2025-09-18 14:42:02,12.88,58600,12.88,U
sh603871,嘉友国际,2025-09-18 14:42:11,12.88,20000,12.87,U
sh603871,嘉友国际,2025-09-18 14:42:17,12.9,31960,12.89,U
sh603871,嘉友国际,2025-09-18 14:42:20,12.88,17200,12.9,D
sh603871,嘉友国际,2025-09-18 14:42:23,12.89,26100,12.88,E
sh603871,嘉友国际,2025-09-18 14:42:32,12.88,20400,12.88,D
sh603871,嘉友国际,2025-09-18 14:42:35,12.87,17700,12.88,D
sh603871,嘉友国际,2025-09-18 14:42:56,12.85,22000,12.87,D
sh603871,嘉友国际,2025-09-18 14:43:02,12.86,23100,12.86,U
sh603871,嘉友国际,2025-09-18 14:43:05,12.86,22400,12.86,D
sh603871,嘉友国际,2025-09-18 14:43:20,12.87,67240,12.86,U
sh603871,嘉友国际,2025-09-18 14:43:23,12.86,48900,12.87,D
sh603871,嘉友国际,2025-09-18 14:43:38,12.88,28100,12.89,D
sh603871,嘉友国际,2025-09-18 14:43:44,12.88,28300,12.87,U
sh603871,嘉友国际,2025-09-18 14:44:44,12.92,40460,12.91,U
sh603871,嘉友国际,2025-09-18 14:45:50,12.89,26080,12.9,D
sh603871,嘉友国际,2025-09-18 14:46:05,12.91,20000,12.89,U
sh603871,嘉友国际,2025-09-18 14:46:08,12.9,25700,12.91,D
sh603871,嘉友国际,2025-09-18 14:49:05,12.9,19400,12.9,U
sh603871,嘉友国际,2025-09-18 14:49:08,12.9,19500,12.9,U
sh603871,嘉友国际,2025-09-18 14:49:11,12.88,19400,12.9,D
sh603871,嘉友国际,2025-09-18 14:49:29,12.89,18900,12.89,D
sh603871,嘉友国际,2025-09-18 14:49:35,12.9,58280,12.9,U
sh603871,嘉友国际,2025-09-18 14:50:29,12.95,25640,12.92,U
sh603871,嘉友国际,2025-09-18 14:50:38,12.93,34000,12.93,U
sh603871,嘉友国际,2025-09-18 14:51:59,12.93,28700,12.93,D
sh603871,嘉友国际,2025-09-18 14:52:08,12.92,15720,12.92,D
sh603871,嘉友国际,2025-09-18 14:53:50,12.92,16900,12.93,D
sh603871,嘉友国际,2025-09-18 14:54:08,12.92,15700,12.92,D
sh603871,嘉友国际,2025-09-18 14:55:38,12.93,32100,12.92,U
sh603871,嘉友国际,2025-09-18 14:55:50,12.92,20210,12.93,D
sh603871,嘉友国际,2025-09-18 14:56:02,12.91,17400,12.92,D
sh603871,嘉友国际,2025-09-18 14:56:53,12.93,18000,12.92,U
sh603871,嘉友国际,2025-09-18 15:00:01,12.93,179800,12.93,U
