symbol,name,ticktime,price,volume,prev_price,kind
sh603871,嘉友国际,2025-09-19 09:25:01,12.9,138000,0.0,U
sh603871,嘉友国际,2025-09-19 09:30:01,12.99,26820,12.9,U
sh603871,嘉友国际,2025-09-19 09:30:10,13.0,23400,13.0,D
sh603871,嘉友国际,2025-09-19 09:30:22,13.2,17200,13.17,U
sh603871,嘉友国际,2025-09-19 09:30:31,13.3,33100,13.28,U
sh603871,嘉友国际,2025-09-19 09:30:34,13.38,15800,13.3,U
sh603871,嘉友国际,2025-09-19 09:30:37,13.36,50800,13.38,D
sh603871,嘉友国际,2025-09-19 09:30:40,13.38,64534,13.36,U
sh603871,嘉友国际,2025-09-19 09:30:43,13.25,46466,13.38,D
sh603871,嘉友国际,2025-09-19 09:30:46,13.38,29600,13.25,U
sh603871,嘉友国际,2025-09-19 09:30:49,13.34,45234,13.38,U
sh603871,嘉友国际,2025-09-19 09:30:52,13.36,25900,13.34,U
sh603871,嘉友国际,2025-09-19 09:30:55,13.36,30400,13.36,U
sh603871,嘉友国际,2025-09-19 09:31:04,13.34,20700,13.35,D
sh603871,嘉友国际,2025-09-19 09:31:07,13.35,43100,13.34,U
sh603871,嘉友国际,2025-09-19 09:31:10,13.32,15700,13.35,D
sh603871,嘉友国际,2025-09-19 09:31:16,13.34,37500,13.32,U
sh603871,嘉友国际,2025-09-19 09:31:19,13.32,28200,13.34,D
sh603871,嘉友国际,2025-09-19 09:31:25,13.35,39300,13.34,U
sh603871,嘉友国际,2025-09-19 09:31:34,13.35,20280,13.32,U
sh603871,嘉友国际,2025-09-19 09:31:37,13.32,20000,13.35,D
sh603871,嘉友国际,2025-09-19 09:31:40,13.38,75800,13.32,U
sh603871,嘉友国际,2025-09-19 09:31:44,13.35,51500,13.38,E
sh603871,嘉友国际,2025-09-19 09:31:49,13.35,24000,13.35,D
sh603871,嘉友国际,2025-09-19 09:31:52,13.38,19100,13.35,U
sh603871,嘉友国际,2025-09-19 09:32:07,13.37,19800,13.38,D
sh603871,嘉友国际,2025-09-19 09:32:10,13.38,21600,13.37,U
sh603871,嘉友国际,2025-09-19 09:32:13,13.34,33400,13.38,D
sh603871,嘉友国际,2025-09-19 09:32:19,13.39,166400,13.33,U
sh603871,嘉友国际,2025-09-19 09:32:22,13.38,116782,13.39,E
sh603871,嘉友国际,2025-09-19 09:32:34,13.35,47700,13.35,U
sh603871,嘉友国际,2025-09-19 09:32:43,13.33,18800,13.33,D
sh603871,嘉友国际,2025-09-19 09:32:49,13.23,70600,13.3,D
sh603871,嘉友国际,2025-09-19 09:32:58,13.23,18000,13.23,D
sh603871,嘉友国际,2025-09-19 09:33:01,13.24,15200,13.23,U
sh603871,嘉友国际,2025-09-19 09:33:04,13.26,20000,13.24,U
sh603871,嘉友国际,2025-09-19 09:33:10,13.31,59700,13.27,U
sh603871,嘉友国际,2025-09-19 09:33:13,13.34,31600,13.31,U
sh603871,嘉友国际,2025-09-19 09:33:31,13.3,20300,13.34,D
sh603871,嘉友国际,2025-09-19 09:33:34,13.31,44200,13.3,E
sh603871,嘉友国际,2025-09-19 09:33:37,13.3,56800,13.31,D
sh603871,嘉友国际,2025-09-19 09:33:43,13.32,26200,13.3,U
sh603871,嘉友国际,2025-09-19 09:33:49,13.32,15200,13.3,U
sh603871,嘉友国际,2025-09-19 09:33:55,13.28,34800,13.3,D
sh603871,嘉友国际,2025-09-19 09:34:04,13.3,33900,13.28,U
sh603871,嘉友国际,2025-09-19 09:34:07,13.29,15800,13.3,D
sh603871,嘉友国际,2025-09-19 09:34:19,13.29,33800,13.29,D
sh603871,嘉友国际,2025-09-19 09:34:22,13.3,15200,13.29,U
sh603871,嘉友国际,2025-09-19 09:34:28,13.29,45400,13.29,D
sh603871,嘉友国际,2025-09-19 09:34:31,13.26,40200,13.29,D
sh603871,嘉友国际,2025-09-19 09:34:37,13.28,41800,13.29,E
sh603871,嘉友国际,2025-09-19 09:34:40,13.33,69420,13.28,U
sh603871,嘉友国际,2025-09-19 09:34:43,13.33,43900,13.33,U
sh603871,嘉友国际,2025-09-19 09:35:04,13.27,17700,13.3,D
sh603871,嘉友国际,2025-09-19 09:35:07,13.29,76300,13.27,U
sh603871,嘉友国际,2025-09-19 09:35:10,13.27,28740,13.29,D
sh603871,嘉友国际,2025-09-19 09:35:22,13.26,39100,13.26,D
sh603871,嘉友国际,2025-09-19 09:35:31,13.27,41900,13.26,U
sh603871,嘉友国际,2025-09-19 09:35:34,13.27,22600,13.27,U
sh603871,嘉友国际,2025-09-19 09:35:49,13.28,110600,13.27,U
sh603871,嘉友国际,2025-09-19 09:35:52,13.32,52543,13.28,U
sh603871,嘉友国际,2025-09-19 09:36:31,13.29,22700,13.29,U
sh603871,嘉友国际,2025-09-19 09:36:34,13.29,19800,13.29,U
sh603871,嘉友国际,2025-09-19 09:36:49,13.29,26700,13.29,U
sh603871,嘉友国际,2025-09-19 09:37:01,13.33,30000,13.31,U
sh603871,嘉友国际,2025-09-19 09:37:07,13.35,56000,13.33,U
sh603871,嘉友国际,2025-09-19 09:37:13,13.34,21900,13.32,E
sh603871,嘉友国际,2025-09-19 09:37:25,13.36,22200,13.35,U
sh603871,嘉友国际,2025-09-19 09:37:31,13.37,64400,13.36,U
sh603871,嘉友国际,2025-09-19 09:37:49,13.37,22700,13.38,D
sh603871,嘉友国际,2025-09-19 09:37:58,13.39,34700,13.38,U
sh603871,嘉友国际,2025-09-19 09:38:01,13.38,15400,13.39,E
sh603871,嘉友国际,2025-09-19 09:38:07,13.4,63700,13.38,U
sh603871,嘉友国际,2025-09-19 09:38:10,13.39,18420,13.4,E
sh603871,嘉友国际,2025-09-19 09:38:13,13.41,60440,13.39,U
sh603871,嘉友国际,2025-09-19 09:38:19,13.42,24300,13.43,E
sh603871,嘉友国际,2025-09-19 09:38:22,13.43,17300,13.42,U
sh603871,嘉友国际,2025-09-19 09:38:34,13.42,84800,13.42,U
sh603871,嘉友国际,2025-09-19 09:38:46,13.38,54680,13.4,D
sh603871,嘉友国际,2025-09-19 09:38:55,13.39,27980,13.4,D
sh603871,嘉友国际,2025-09-19 09:38:58,13.4,18300,13.39,U
sh603871,嘉友国际,2025-09-19 09:39:04,13.4,47200,13.38,U
sh603871,嘉友国际,2025-09-19 09:39:19,13.43,69600,13.41,U
sh603871,嘉友国际,2025-09-19 09:39:22,13.42,37800,13.43,U
sh603871,嘉友国际,2025-09-19 09:39:25,13.44,14900,13.42,U
sh603871,嘉友国际,2025-09-19 09:39:37,13.44,28320,13.43,U
sh603871,嘉友国际,2025-09-19 09:39:40,13.43,16980,13.44,D
sh603871,嘉友国际,2025-09-19 09:39:55,13.42,24400,13.42,U
sh603871,嘉友国际,2025-09-19 09:39:58,13.44,46000,13.42,U
sh603871,嘉友国际,2025-09-19 09:40:01,13.43,19700,13.44,D
sh603871,嘉友国际,2025-09-19 09:40:10,13.42,178800,13.44,D
sh603871,嘉友国际,2025-09-19 09:40:16,13.43,66100,13.4,U
sh603871,嘉友国际,2025-09-19 09:40:37,13.43,53700,13.4,U
sh603871,嘉友国际,2025-09-19 09:40:55,13.4,20700,13.4,D
sh603871,嘉友国际,2025-09-19 09:41:04,13.47,134580,13.41,U
sh603871,嘉友国际,2025-09-19 09:41:07,13.47,17116,13.47,D
sh603871,嘉友国际,2025-09-19 09:41:10,13.48,52300,13.47,U
sh603871,嘉友国际,2025-09-19 09:41:22,13.49,26700,13.46,U
sh603871,嘉友国际,2025-09-19 09:41:25,13.49,68860,13.49,U
sh603871,嘉友国际,2025-09-19 09:41:31,13.5,49600,13.5,U
sh603871,嘉友国际,2025-09-19 09:41:37,13.49,28800,13.5,E
sh603871,嘉友国际,2025-09-19 09:41:46,13.5,15100,13.49,U
sh603871,嘉友国际,2025-09-19 09:41:49,13.48,74880,13.5,D
sh603871,嘉友国际,2025-09-19 09:42:04,13.52,45900,13.51,U
sh603871,嘉友国际,2025-09-19 09:42:07,13.52,26000,13.52,U
sh603871,嘉友国际,2025-09-19 09:42:13,13.55,59960,13.51,U
sh603871,嘉友国际,2025-09-19 09:42:16,13.56,58400,13.55,U
sh603871,嘉友国际,2025-09-19 09:42:19,13.55,62940,13.56,D
sh603871,嘉友国际,2025-09-19 09:42:22,13.58,104060,13.55,U
sh603871,嘉友国际,2025-09-19 09:42:25,13.58,84300,13.58,D
sh603871,嘉友国际,2025-09-19 09:42:31,13.6,19600,13.59,U
sh603871,嘉友国际,2025-09-19 09:42:34,13.6,42200,13.6,D
sh603871,嘉友国际,2025-09-19 09:42:40,13.6,37100,13.61,D
sh603871,嘉友国际,2025-09-19 09:42:49,13.59,36100,13.61,D
sh603871,嘉友国际,2025-09-19 09:42:52,13.61,152360,13.59,U
sh603871,嘉友国际,2025-09-19 09:42:58,13.61,62100,13.6,U
sh603871,嘉友国际,2025-09-19 09:43:01,13.61,17300,13.61,U
sh603871,嘉友国际,2025-09-19 09:43:07,13.61,19000,13.61,D
sh603871,嘉友国际,2025-09-19 09:43:10,13.6,37600,13.61,D
sh603871,嘉友国际,2025-09-19 09:43:13,13.61,58900,13.6,U
sh603871,嘉友国际,2025-09-19 09:43:19,13.61,34200,13.61,U
sh603871,嘉友国际,2025-09-19 09:43:25,13.58,26400,13.6,D
sh603871,嘉友国际,2025-09-19 09:43:28,13.6,29700,13.58,U
sh603871,嘉友国际,2025-09-19 09:43:31,13.6,63760,13.6,U
sh603871,嘉友国际,2025-09-19 09:43:34,13.6,53600,13.6,D
sh603871,嘉友国际,2025-09-19 09:43:37,13.6,23120,13.6,D
sh603871,嘉友国际,2025-09-19 09:43:40,13.61,15700,13.6,U
sh603871,嘉友国际,2025-09-19 09:43:46,13.6,90200,13.61,D
sh603871,嘉友国际,2025-09-19 09:43:49,13.61,15000,13.6,D
sh603871,嘉友国际,2025-09-19 09:43:52,13.63,22400,13.61,U
sh603871,嘉友国际,2025-09-19 09:43:55,13.6,27520,13.63,D
sh603871,嘉友国际,2025-09-19 09:43:58,13.6,66800,13.6,U
sh603871,嘉友国际,2025-09-19 09:44:01,13.62,53800,13.6,U
sh603871,嘉友国际,2025-09-19 09:44:07,13.64,63820,13.62,U
sh603871,嘉友国际,2025-09-19 09:44:13,13.66,54800,13.64,U
sh603871,嘉友国际,2025-09-19 09:44:19,13.65,66600,13.65,U
sh603871,嘉友国际,2025-09-19 09:44:22,13.65,41700,13.65,U
sh603871,嘉友国际,2025-09-19 09:44:28,13.65,63700,13.65,U
sh603871,嘉友国际,2025-09-19 09:44:37,13.65,33620,13.65,U
sh603871,嘉友国际,2025-09-19 09:44:40,13.66,104820,13.65,U
sh603871,嘉友国际,2025-09-19 09:44:43,13.65,23780,13.66,D
sh603871,嘉友国际,2025-09-19 09:44:52,13.66,20400,13.63,U
sh603871,嘉友国际,2025-09-19 09:44:58,13.69,89020,13.66,U
sh603871,嘉友国际,2025-09-19 09:45:01,13.69,16140,13.69,D
sh603871,嘉友国际,2025-09-19 09:45:04,13.72,28420,13.69,U
sh603871,嘉友国际,2025-09-19 09:45:16,13.7,60880,13.71,D
sh603871,嘉友国际,2025-09-19 09:45:22,13.69,17600,13.7,D
sh603871,嘉友国际,2025-09-19 09:45:25,13.68,81700,13.69,D
sh603871,嘉友国际,2025-09-19 09:45:28,13.66,222440,13.68,D
sh603871,嘉友国际,2025-09-19 09:45:31,13.66,51400,13.66,U
sh603871,嘉友国际,2025-09-19 09:46:10,13.6,21100,13.59,U
sh603871,嘉友国际,2025-09-19 09:46:13,13.63,55400,13.6,U
sh603871,嘉友国际,2025-09-19 09:46:16,13.61,37400,13.63,D
sh603871,嘉友国际,2025-09-19 09:46:22,13.65,36300,13.63,U
sh603871,嘉友国际,2025-09-19 09:46:31,13.68,29400,13.66,U
sh603871,嘉友国际,2025-09-19 09:46:40,13.69,25800,13.69,U
sh603871,嘉友国际,2025-09-19 09:46:43,13.67,71300,13.69,D
sh603871,嘉友国际,2025-09-19 09:46:52,13.66,15300,13.66,D
sh603871,嘉友国际,2025-09-19 09:46:55,13.65,20700,13.66,D
sh603871,嘉友国际,2025-09-19 09:46:58,13.65,18800,13.65,U
sh603871,嘉友国际,2025-09-19 09:47:28,13.59,16860,13.61,D
sh603871,嘉友国际,2025-09-19 09:47:31,13.58,50200,13.59,D
sh603871,嘉友国际,2025-09-19 09:47:37,13.6,40000,13.59,U
sh603871,嘉友国际,2025-09-19 09:48:19,13.59,78649,13.56,U
sh603871,嘉友国际,2025-09-19 09:49:04,13.56,16811,13.58,D
sh603871,嘉友国际,2025-09-19 09:49:22,13.55,22500,13.55,D
sh603871,嘉友国际,2025-09-19 09:49:25,13.56,20600,13.55,U
sh603871,嘉友国际,2025-09-19 09:49:31,13.56,60400,13.56,D
sh603871,嘉友国际,2025-09-19 09:49:34,13.55,23700,13.56,D
sh603871,嘉友国际,2025-09-19 09:50:10,13.54,24400,13.54,D
sh603871,嘉友国际,2025-09-19 09:50:13,13.55,47200,13.54,U
sh603871,嘉友国际,2025-09-19 09:50:16,13.55,33300,13.55,U
sh603871,嘉友国际,2025-09-19 09:50:19,13.53,15700,13.55,D
sh603871,嘉友国际,2025-09-19 09:50:28,13.53,30700,13.53,D
sh603871,嘉友国际,2025-09-19 09:50:46,13.51,77500,13.52,D
sh603871,嘉友国际,2025-09-19 09:50:49,13.51,20900,13.51,D
sh603871,嘉友国际,2025-09-19 09:50:52,13.51,23200,13.51,D
sh603871,嘉友国际,2025-09-19 09:51:25,13.5,16300,13.5,D
sh603871,嘉友国际,2025-09-19 09:51:58,13.5,30000,13.48,U
sh603871,嘉友国际,2025-09-19 09:52:04,13.5,15000,13.5,D
sh603871,嘉友国际,2025-09-19 09:52:22,13.55,58849,13.51,U
sh603871,嘉友国际,2025-09-19 09:52:55,13.6,51400,13.53,U
sh603871,嘉友国际,2025-09-19 09:53:13,13.58,19700,13.56,D
sh603871,嘉友国际,2025-09-19 09:53:16,13.6,49200,13.58,E
sh603871,嘉友国际,2025-09-19 09:54:04,13.61,20400,13.6,U
sh603871,嘉友国际,2025-09-19 09:54:07,13.61,38900,13.61,D
sh603871,嘉友国际,2025-09-19 09:54:10,13.62,31640,13.61,E
sh603871,嘉友国际,2025-09-19 09:54:28,13.6,24000,13.6,D
sh603871,嘉友国际,2025-09-19 09:55:19,13.57,60800,13.55,U
sh603871,嘉友国际,2025-09-19 09:55:25,13.53,16980,13.54,D
sh603871,嘉友国际,2025-09-19 09:55:28,13.58,16700,13.53,U
sh603871,嘉友国际,2025-09-19 09:55:31,13.54,19900,13.58,D
sh603871,嘉友国际,2025-09-19 09:55:37,13.59,51200,13.55,U
sh603871,嘉友国际,2025-09-19 09:55:43,13.58,67300,13.58,D
sh603871,嘉友国际,2025-09-19 09:55:55,13.58,24500,13.55,E
sh603871,嘉友国际,2025-09-19 09:57:16,13.59,60300,13.58,U
sh603871,嘉友国际,2025-09-19 09:57:22,13.59,52400,13.6,E
sh603871,嘉友国际,2025-09-19 09:57:46,13.63,102700,13.63,D
sh603871,嘉友国际,2025-09-19 09:57:55,13.67,15300,13.63,U
sh603871,嘉友国际,2025-09-19 09:58:01,13.63,27100,13.63,D
sh603871,嘉友国际,2025-09-19 09:58:04,13.65,207000,13.63,E
sh603871,嘉友国际,2025-09-19 09:58:10,13.68,110800,13.66,E
sh603871,嘉友国际,2025-09-19 09:58:16,13.66,44200,13.66,D
sh603871,嘉友国际,2025-09-19 09:58:22,13.63,34500,13.64,D
sh603871,嘉友国际,2025-09-19 09:58:25,13.65,35600,13.63,U
sh603871,嘉友国际,2025-09-19 09:58:43,13.67,30120,13.58,U
sh603871,嘉友国际,2025-09-19 09:58:52,13.61,50800,13.64,D
sh603871,嘉友国际,2025-09-19 09:59:16,13.66,60000,13.62,U
sh603871,嘉友国际,2025-09-19 09:59:25,13.67,30600,13.61,U
sh603871,嘉友国际,2025-09-19 09:59:37,13.64,30600,13.64,D
sh603871,嘉友国际,2025-09-19 09:59:46,13.69,30100,13.65,U
sh603871,嘉友国际,2025-09-19 09:59:52,13.7,63100,13.69,U
sh603871,嘉友国际,2025-09-19 10:00:04,13.71,39300,13.66,U
sh603871,嘉友国际,2025-09-19 10:00:07,13.7,102000,13.71,E
sh603871,嘉友国际,2025-09-19 10:00:13,13.75,38000,13.69,U
sh603871,嘉友国际,2025-09-19 10:00:16,13.75,49100,13.75,U
sh603871,嘉友国际,2025-09-19 10:00:19,13.76,61300,13.75,U
sh603871,嘉友国际,2025-09-19 10:00:22,13.73,47100,13.76,E
sh603871,嘉友国际,2025-09-19 10:00:49,13.68,58100,13.66,U
sh603871,嘉友国际,2025-09-19 10:01:10,13.7,33100,13.7,U
sh603871,嘉友国际,2025-09-19 10:01:25,13.67,28000,13.67,U
sh603871,嘉友国际,2025-09-19 10:01:28,13.67,15300,13.67,D
sh603871,嘉友国际,2025-09-19 10:01:34,13.67,29000,13.67,D
sh603871,嘉友国际,2025-09-19 10:01:46,13.68,20100,13.67,U
sh603871,嘉友国际,2025-09-19 10:01:49,13.68,24400,13.68,U
sh603871,嘉友国际,2025-09-19 10:02:01,13.69,20400,13.65,U
sh603871,嘉友国际,2025-09-19 10:02:19,13.7,23100,13.64,U
sh603871,嘉友国际,2025-09-19 10:02:28,13.65,73660,13.65,D
sh603871,嘉友国际,2025-09-19 10:02:34,13.7,21000,13.65,U
sh603871,嘉友国际,2025-09-19 10:02:40,13.72,20000,13.69,U
sh603871,嘉友国际,2025-09-19 10:02:46,13.7,43100,13.69,E
sh603871,嘉友国际,2025-09-19 10:02:49,13.73,16260,13.7,U
sh603871,嘉友国际,2025-09-19 10:03:01,13.73,152100,13.71,U
sh603871,嘉友国际,2025-09-19 10:03:13,13.71,56900,13.73,D
sh603871,嘉友国际,2025-09-19 10:04:01,13.68,23300,13.69,D
sh603871,嘉友国际,2025-09-19 10:04:04,13.68,28700,13.68,D
sh603871,嘉友国际,2025-09-19 10:04:25,13.66,35600,13.66,D
sh603871,嘉友国际,2025-09-19 10:04:46,13.67,26500,13.65,U
sh603871,嘉友国际,2025-09-19 10:04:49,13.66,25700,13.67,D
sh603871,嘉友国际,2025-09-19 10:04:58,13.66,30600,13.64,U
sh603871,嘉友国际,2025-09-19 10:05:49,13.59,67600,13.61,D
sh603871,嘉友国际,2025-09-19 10:06:37,13.58,15400,13.58,D
sh603871,嘉友国际,2025-09-19 10:08:34,13.6,50600,13.58,U
sh603871,嘉友国际,2025-09-19 10:09:40,13.6,38600,13.56,U
sh603871,嘉友国际,2025-09-19 10:10:25,13.64,19500,13.61,U
sh603871,嘉友国际,2025-09-19 10:10:28,13.65,19800,13.64,U
sh603871,嘉友国际,2025-09-19 10:11:04,13.66,50000,13.6,U
sh603871,嘉友国际,2025-09-19 10:11:52,13.66,50000,13.62,U
sh603871,嘉友国际,2025-09-19 10:15:04,13.65,48660,13.64,U
sh603871,嘉友国际,2025-09-19 10:15:22,13.66,33800,13.64,U
sh603871,嘉友国际,2025-09-19 10:15:58,13.68,35280,13.67,U
sh603871,嘉友国际,2025-09-19 10:16:01,13.67,16220,13.68,D
sh603871,嘉友国际,2025-09-19 10:16:13,13.7,100000,13.67,U
sh603871,嘉友国际,2025-09-19 10:16:34,13.7,16700,13.71,U
sh603871,嘉友国际,2025-09-19 10:16:46,13.7,15400,13.72,D
sh603871,嘉友国际,2025-09-19 10:17:10,13.72,50000,13.68,U
sh603871,嘉友国际,2025-09-19 10:17:22,13.72,30000,13.69,U
sh603871,嘉友国际,2025-09-19 10:18:28,13.72,60300,13.7,U
sh603871,嘉友国际,2025-09-19 10:18:40,13.72,17300,13.72,D
sh603871,嘉友国际,2025-09-19 10:18:49,13.75,153200,13.73,U
sh603871,嘉友国际,2025-09-19 10:18:58,13.75,200900,13.75,U
sh603871,嘉友国际,2025-09-19 10:19:01,13.76,160700,13.75,U
sh603871,嘉友国际,2025-09-19 10:19:16,13.78,107500,13.76,U
sh603871,嘉友国际,2025-09-19 10:19:28,13.76,15660,13.78,D
sh603871,嘉友国际,2025-09-19 10:19:31,13.78,32160,13.76,U
sh603871,嘉友国际,2025-09-19 10:19:43,13.78,18500,13.76,U
sh603871,嘉友国际,2025-09-19 10:19:46,13.77,24300,13.78,E
sh603871,嘉友国际,2025-09-19 10:20:10,13.78,103020,13.76,U
sh603871,嘉友国际,2025-09-19 10:20:22,13.77,260300,13.75,U
sh603871,嘉友国际,2025-09-19 10:21:13,13.76,24700,13.76,U
sh603871,嘉友国际,2025-09-19 10:21:16,13.76,47600,13.76,E
sh603871,嘉友国际,2025-09-19 10:21:37,13.82,101100,13.78,U
sh603871,嘉友国际,2025-09-19 10:21:52,13.78,15700,13.78,U
sh603871,嘉友国际,2025-09-19 10:21:55,13.82,40400,13.78,U
sh603871,嘉友国际,2025-09-19 10:21:58,13.83,369400,13.82,U
sh603871,嘉友国际,2025-09-19 10:22:07,13.81,16600,13.82,U
sh603871,嘉友国际,2025-09-19 10:22:49,13.76,17860,13.78,D
sh603871,嘉友国际,2025-09-19 10:24:07,13.76,24400,13.75,U
sh603871,嘉友国际,2025-09-19 10:24:10,13.78,44660,13.76,U
sh603871,嘉友国际,2025-09-19 10:24:13,13.79,16600,13.78,U
sh603871,嘉友国际,2025-09-19 10:25:10,13.75,140800,13.78,D
sh603871,嘉友国际,2025-09-19 10:27:19,13.71,23900,13.71,U
sh603871,嘉友国际,2025-09-19 10:28:07,13.7,31700,13.7,U
sh603871,嘉友国际,2025-09-19 10:28:52,13.72,33060,13.7,U
sh603871,嘉友国际,2025-09-19 10:30:40,13.73,30700,13.72,U
sh603871,嘉友国际,2025-09-19 10:32:40,13.72,23500,13.72,D
sh603871,嘉友国际,2025-09-19 10:33:10,13.7,58795,13.71,D
sh603871,嘉友国际,2025-09-19 10:33:46,13.69,49740,13.69,D
sh603871,嘉友国际,2025-09-19 10:34:10,13.68,16300,13.69,D
sh603871,嘉友国际,2025-09-19 10:34:40,13.68,24080,13.67,U
sh603871,嘉友国际,2025-09-19 10:34:52,13.68,50600,13.67,U
sh603871,嘉友国际,2025-09-19 10:34:58,13.68,48000,13.68,U
sh603871,嘉友国际,2025-09-19 10:35:01,13.68,19600,13.68,U
sh603871,嘉友国际,2025-09-19 10:35:04,13.71,27280,13.68,U
sh603871,嘉友国际,2025-09-19 10:37:04,13.72,22860,13.71,U
sh603871,嘉友国际,2025-09-19 10:37:07,13.74,22180,13.72,U
sh603871,嘉友国际,2025-09-19 10:39:04,13.75,31000,13.75,U
sh603871,嘉友国际,2025-09-19 10:46:34,13.73,17500,13.72,U
sh603871,嘉友国际,2025-09-19 10:47:13,13.73,31400,13.73,U
sh603871,嘉友国际,2025-09-19 10:47:16,13.75,36100,13.73,U
sh603871,嘉友国际,2025-09-19 10:47:19,13.74,27520,13.75,D
sh603871,嘉友国际,2025-09-19 10:48:16,13.73,18900,13.74,D
sh603871,嘉友国际,2025-09-19 10:49:01,13.73,22300,13.73,D
sh603871,嘉友国际,2025-09-19 10:49:28,13.75,20000,13.72,U
sh603871,嘉友国际,2025-09-19 10:50:31,13.74,15340,13.73,U
sh603871,嘉友国际,2025-09-19 10:51:55,13.7,31200,13.71,D
sh603871,嘉友国际,2025-09-19 10:51:58,13.7,17800,13.7,D
sh603871,嘉友国际,2025-09-19 10:52:07,13.67,53700,13.7,D
sh603871,嘉友国际,2025-09-19 10:52:31,13.69,51100,13.67,U
sh603871,嘉友国际,2025-09-19 10:53:01,13.72,18780,13.71,U
sh603871,嘉友国际,2025-09-19 10:53:25,13.74,20000,13.73,U
sh603871,嘉友国际,2025-09-19 10:53:31,13.75,60000,13.73,U
sh603871,嘉友国际,2025-09-19 10:53:37,13.78,60000,13.75,U
sh603871,嘉友国际,2025-09-19 10:53:52,13.78,201300,13.77,U
sh603871,嘉友国际,2025-09-19 10:53:55,13.77,15100,13.78,D
sh603871,嘉友国际,2025-09-19 10:54:28,13.79,16580,13.79,D
sh603871,嘉友国际,2025-09-19 10:54:52,13.81,20400,13.8,U
sh603871,嘉友国际,2025-09-19 10:55:01,13.82,18776,13.82,U
sh603871,嘉友国际,2025-09-19 10:55:19,13.82,26904,13.82,D
sh603871,嘉友国际,2025-09-19 10:55:46,13.83,16600,13.82,U
sh603871,嘉友国际,2025-09-19 10:56:01,13.82,22220,13.83,D
sh603871,嘉友国际,2025-09-19 10:59:19,13.69,50000,13.7,D
sh603871,嘉友国际,2025-09-19 10:59:40,13.66,19600,13.66,D
sh603871,嘉友国际,2025-09-19 10:59:52,13.64,31300,13.64,D
sh603871,嘉友国际,2025-09-19 11:00:01,13.65,20300,13.64,U
sh603871,嘉友国际,2025-09-19 11:00:16,13.64,32280,13.64,U
sh603871,嘉友国际,2025-09-19 11:00:19,13.64,50500,13.64,U
sh603871,嘉友国际,2025-09-19 11:01:13,13.64,20100,13.64,U
sh603871,嘉友国际,2025-09-19 11:01:22,13.68,96320,13.64,U
sh603871,嘉友国际,2025-09-19 11:03:01,13.66,340220,13.64,U
sh603871,嘉友国际,2025-09-19 11:03:25,13.7,18500,13.7,U
sh603871,嘉友国际,2025-09-19 11:05:19,13.74,40500,13.73,U
sh603871,嘉友国际,2025-09-19 11:15:31,13.7,27000,13.68,U
sh603871,嘉友国际,2025-09-19 11:15:37,13.7,23200,13.7,D
sh603871,嘉友国际,2025-09-19 11:15:49,13.71,30400,13.7,U
sh603871,嘉友国际,2025-09-19 11:16:52,13.74,40300,13.71,U
sh603871,嘉友国际,2025-09-19 11:20:19,13.69,23980,13.7,D
sh603871,嘉友国际,2025-09-19 11:20:43,13.74,20200,13.73,U
sh603871,嘉友国际,2025-09-19 11:23:28,13.75,30500,13.74,U
sh603871,嘉友国际,2025-09-19 11:25:37,13.75,36300,13.75,U
sh603871,嘉友国际,2025-09-19 11:25:40,13.77,46500,13.75,U
sh603871,嘉友国际,2025-09-19 11:25:58,13.78,17500,13.78,U
sh603871,嘉友国际,2025-09-19 11:28:28,13.75,50200,13.76,D
sh603871,嘉友国际,2025-09-19 11:29:19,13.79,71100,13.78,U
sh603871,嘉友国际,2025-09-19 13:00:01,13.8,45280,13.8,U
sh603871,嘉友国际,2025-09-19 13:00:04,13.8,29740,13.8,U
sh603871,嘉友国际,2025-09-19 13:00:10,13.79,17600,13.79,U
sh603871,嘉友国际,2025-09-19 13:02:01,13.7,17100,13.71,D
sh603871,嘉友国际,2025-09-19 13:03:13,13.69,42000,13.7,D
sh603871,嘉友国际,2025-09-19 13:05:19,13.65,62200,13.68,D
sh603871,嘉友国际,2025-09-19 13:05:43,13.67,35500,13.66,U
sh603871,嘉友国际,2025-09-19 13:08:16,13.67,236700,13.66,U
sh603871,嘉友国际,2025-09-19 13:08:19,13.69,58100,13.67,U
sh603871,嘉友国际,2025-09-19 13:10:52,13.72,44400,13.72,U
sh603871,嘉友国际,2025-09-19 13:10:55,13.73,31940,13.72,U
sh603871,嘉友国际,2025-09-19 13:11:31,13.75,14700,13.75,U
sh603871,嘉友国际,2025-09-19 13:11:43,13.76,25000,13.75,U
sh603871,嘉友国际,2025-09-19 13:13:19,13.72,26200,13.72,D
sh603871,嘉友国际,2025-09-19 13:13:28,13.72,17460,13.72,D
sh603871,嘉友国际,2025-09-19 13:17:34,13.74,128000,13.73,U
sh603871,嘉友国际,2025-09-19 13:17:38,13.74,24200,13.74,U
sh603871,嘉友国际,2025-09-19 13:18:28,13.76,100000,13.75,U
sh603871,嘉友国际,2025-09-19 13:18:58,13.77,75800,13.77,U
sh603871,嘉友国际,2025-09-19 13:19:01,13.79,17200,13.77,U
sh603871,嘉友国际,2025-09-19 13:19:37,13.77,53100,13.78,D
sh603871,嘉友国际,2025-09-19 13:19:58,13.77,63200,13.77,D
sh603871,嘉友国际,2025-09-19 13:22:16,13.71,40440,13.73,D
sh603871,嘉友国际,2025-09-19 13:24:40,13.71,57400,13.69,U
sh603871,嘉友国际,2025-09-19 13:29:46,13.7,15500,13.7,D
sh603871,嘉友国际,2025-09-19 13:30:55,13.7,16600,13.7,D
sh603871,嘉友国际,2025-09-19 13:32:37,13.69,16800,13.69,D
sh603871,嘉友国际,2025-09-19 13:32:55,13.68,44200,13.68,D
sh603871,嘉友国际,2025-09-19 13:34:16,13.66,14700,13.67,D
sh603871,嘉友国际,2025-09-19 13:34:19,13.66,22500,13.66,U
sh603871,嘉友国际,2025-09-19 13:35:37,13.65,18700,13.65,D
sh603871,嘉友国际,2025-09-19 13:36:22,13.6,90120,13.64,D
sh603871,嘉友国际,2025-09-19 13:36:25,13.6,136100,13.6,U
sh603871,嘉友国际,2025-09-19 13:36:28,13.59,32600,13.6,D
sh603871,嘉友国际,2025-09-19 13:36:43,13.57,34000,13.58,D
sh603871,嘉友国际,2025-09-19 13:36:49,13.61,102867,13.57,U
sh603871,嘉友国际,2025-09-19 13:39:07,13.61,16440,13.58,U
sh603871,嘉友国际,2025-09-19 13:40:40,13.63,40340,13.61,U
sh603871,嘉友国际,2025-09-19 13:44:52,13.65,18160,13.65,U
sh603871,嘉友国际,2025-09-19 13:47:25,13.68,37240,13.66,U
sh603871,嘉友国际,2025-09-19 13:50:43,13.71,60600,13.69,U
sh603871,嘉友国际,2025-09-19 13:51:16,13.69,39600,13.71,D
sh603871,嘉友国际,2025-09-19 13:55:52,13.68,16700,13.66,U
sh603871,嘉友国际,2025-09-19 14:01:10,13.67,25720,13.66,U
sh603871,嘉友国际,2025-09-19 14:02:37,13.7,50200,13.69,U
sh603871,嘉友国际,2025-09-19 14:04:07,13.7,33600,13.69,U
sh603871,嘉友国际,2025-09-19 14:06:31,13.7,28460,13.7,U
sh603871,嘉友国际,2025-09-19 14:08:10,13.7,22000,13.71,D
sh603871,嘉友国际,2025-09-19 14:08:16,13.7,28000,13.7,D
sh603871,嘉友国际,2025-09-19 14:08:46,13.67,22500,13.69,D
sh603871,嘉友国际,2025-09-19 14:11:22,13.67,14800,13.68,D
sh603871,嘉友国际,2025-09-19 14:15:28,13.68,15500,13.68,U
sh603871,嘉友国际,2025-09-19 14:17:46,13.69,46700,13.69,D
sh603871,嘉友国际,2025-09-19 14:18:37,13.69,34700,13.68,U
sh603871,嘉友国际,2025-09-19 14:18:46,13.69,15400,13.7,D
sh603871,嘉友国际,2025-09-19 14:20:40,13.68,88560,13.7,D
sh603871,嘉友国际,2025-09-19 14:21:07,13.69,17600,13.69,U
sh603871,嘉友国际,2025-09-19 14:22:22,13.68,65340,13.68,D
sh603871,嘉友国际,2025-09-19 14:22:25,13.68,19000,13.68,D
sh603871,嘉友国际,2025-09-19 14:23:10,13.69,15600,13.69,U
sh603871,嘉友国际,2025-09-19 14:26:52,13.68,50500,13.69,D
sh603871,嘉友国际,2025-09-19 14:26:55,13.67,55260,13.68,D
sh603871,嘉友国际,2025-09-19 14:30:01,13.66,15500,13.66,D
sh603871,嘉友国际,2025-09-19 14:30:13,13.64,15200,13.64,D
sh603871,嘉友国际,2025-09-19 14:30:16,13.66,18840,13.64,U
sh603871,嘉友国际,2025-09-19 14:34:40,13.65,18300,13.64,U
sh603871,嘉友国际,2025-09-19 14:36:22,13.65,17480,13.64,U
sh603871,嘉友国际,2025-09-19 14:37:31,13.65,64100,13.64,U
sh603871,嘉友国际,2025-09-19 14:39:19,13.65,15100,13.65,U
sh603871,嘉友国际,2025-09-19 14:41:07,13.64,20400,13.65,D
sh603871,嘉友国际,2025-09-19 14:43:10,13.65,26200,13.65,U
sh603871,嘉友国际,2025-09-19 14:44:46,13.64,26400,13.66,D
sh603871,嘉友国际,2025-09-19 14:46:04,13.64,16400,13.64,D
sh603871,嘉友国际,2025-09-19 14:46:10,13.64,25600,13.64,D
sh603871,嘉友国际,2025-09-19 14:47:49,13.62,18060,13.63,D
sh603871,嘉友国际,2025-09-19 14:49:19,13.63,14700,13.63,U
sh603871,嘉友国际,2025-09-19 14:50:52,13.65,83500,13.62,U
sh603871,嘉友国际,2025-09-19 14:50:55,13.63,45300,13.65,D
sh603871,嘉友国际,2025-09-19 14:51:22,13.64,16514,13.65,D
sh603871,嘉友国际,2025-09-19 14:52:37,13.63,43700,13.64,D
sh603871,嘉友国际,2025-09-19 14:52:55,13.63,15000,13.64,D
sh603871,嘉友国际,2025-09-19 14:53:01,13.64,15000,13.63,U
sh603871,嘉友国际,2025-09-19 14:54:19,13.65,23000,13.65,U
sh603871,嘉友国际,2025-09-19 14:54:25,13.64,20000,13.65,D
sh603871,嘉友国际,2025-09-19 14:54:49,13.64,22000,13.65,D
sh603871,嘉友国际,2025-09-19 14:55:01,13.63,24400,13.65,D
sh603871,嘉友国际,2025-09-19 14:55:13,13.62,37700,13.63,D
sh603871,嘉友国际,2025-09-19 14:56:31,13.64,37200,13.63,U
sh603871,嘉友国际,2025-09-19 15:00:01,13.65,181600,13.65,U
