symbol,name,ticktime,price,volume,prev_price,kind
sh603301,振德医疗,2025-10-17 09:25:01,66.65,94200,0.0,U
sh603301,振德医疗,2025-10-17 09:30:01,66.98,4400,66.65,U
sh603301,振德医疗,2025-10-17 09:30:04,66.98,34200,66.98,D
sh603301,振德医疗,2025-10-17 09:30:07,66.8,99800,66.98,D
sh603301,振德医疗,2025-10-17 09:30:10,66.6,113000,66.8,D
sh603301,振德医疗,2025-10-17 09:30:13,66.6,91900,66.6,D
sh603301,振德医疗,2025-10-17 09:30:16,66.64,22999,66.6,U
sh603301,振德医疗,2025-10-17 09:30:19,66.58,48000,66.64,D
sh603301,振德医疗,2025-10-17 09:30:22,66.51,22201,66.58,D
sh603301,振德医疗,2025-10-17 09:30:25,66.64,35300,66.51,U
sh603301,振德医疗,2025-10-17 09:30:28,66.56,27000,66.64,D
sh603301,振德医疗,2025-10-17 09:30:31,66.5,62100,66.56,D
sh603301,振德医疗,2025-10-17 09:30:34,66.5,10200,66.5,D
sh603301,振德医疗,2025-10-17 09:30:37,66.35,8600,66.5,D
sh603301,振德医疗,2025-10-17 09:30:40,66.19,17000,66.35,D
sh603301,振德医疗,2025-10-17 09:30:43,66.1,26800,66.19,D
sh603301,振德医疗,2025-10-17 09:30:46,66.0,30300,66.1,D
sh603301,振德医疗,2025-10-17 09:30:49,65.74,24100,66.0,D
sh603301,振德医疗,2025-10-17 09:30:52,65.5,8500,65.74,D
sh603301,振德医疗,2025-10-17 09:30:55,65.22,25100,65.5,D
sh603301,振德医疗,2025-10-17 09:30:58,65.1,6500,65.22,D
sh603301,振德医疗,2025-10-17 09:31:01,65.0,10700,65.1,D
sh603301,振德医疗,2025-10-17 09:31:04,64.9,22900,65.0,D
sh603301,振德医疗,2025-10-17 09:31:07,64.86,6300,64.9,D
sh603301,振德医疗,2025-10-17 09:31:10,64.57,22000,64.86,D
sh603301,振德医疗,2025-10-17 09:31:13,64.15,8300,64.57,D
sh603301,振德医疗,2025-10-17 09:31:16,64.17,7500,64.15,U
sh603301,振德医疗,2025-10-17 09:31:19,64.0,30400,64.17,D
sh603301,振德医疗,2025-10-17 09:31:22,64.0,29000,64.0,D
sh603301,振德医疗,2025-10-17 09:31:25,63.99,38600,64.0,U
sh603301,振德医疗,2025-10-17 09:31:28,63.77,20700,63.99,D
sh603301,振德医疗,2025-10-17 09:31:31,63.9,26300,63.77,U
sh603301,振德医疗,2025-10-17 09:31:34,64.54,30600,63.9,U
sh603301,振德医疗,2025-10-17 09:31:37,64.3,50900,64.54,D
sh603301,振德医疗,2025-10-17 09:31:40,64.57,14100,64.3,E
sh603301,振德医疗,2025-10-17 09:31:43,64.57,19400,64.57,D
sh603301,振德医疗,2025-10-17 09:31:46,65.49,6900,64.57,U
sh603301,振德医疗,2025-10-17 09:31:49,65.6,20800,65.49,U
sh603301,振德医疗,2025-10-17 09:31:52,66.08,11500,65.6,U
sh603301,振德医疗,2025-10-17 09:31:55,65.5,39400,66.08,D
sh603301,振德医疗,2025-10-17 09:31:58,65.85,14700,65.5,U
sh603301,振德医疗,2025-10-17 09:32:01,65.51,7300,65.85,E
sh603301,振德医疗,2025-10-17 09:32:04,66.0,27700,65.51,U
sh603301,振德医疗,2025-10-17 09:32:07,66.3,22700,66.0,U
sh603301,振德医疗,2025-10-17 09:32:10,66.33,13800,66.3,U
sh603301,振德医疗,2025-10-17 09:32:13,66.34,8100,66.33,U
sh603301,振德医疗,2025-10-17 09:32:16,66.5,47200,66.34,U
sh603301,振德医疗,2025-10-17 09:32:19,66.88,26500,66.5,U
sh603301,振德医疗,2025-10-17 09:32:22,66.88,17200,66.88,U
sh603301,振德医疗,2025-10-17 09:32:25,66.99,12300,66.88,U
sh603301,振德医疗,2025-10-17 09:32:31,67.45,30100,67.2,U
sh603301,振德医疗,2025-10-17 09:32:34,67.22,14500,67.45,U
sh603301,振德医疗,2025-10-17 09:32:37,66.84,60700,67.22,D
sh603301,振德医疗,2025-10-17 09:32:40,67.04,26300,66.84,U
sh603301,振德医疗,2025-10-17 09:32:43,66.47,63700,67.04,D
sh603301,振德医疗,2025-10-17 09:32:46,66.6,22200,66.47,E
sh603301,振德医疗,2025-10-17 09:32:49,66.97,10200,66.6,U
sh603301,振德医疗,2025-10-17 09:32:52,66.9,3000,66.97,U
sh603301,振德医疗,2025-10-17 09:32:58,67.01,4700,66.93,U
sh603301,振德医疗,2025-10-17 09:33:01,66.93,9700,67.01,D
sh603301,振德医疗,2025-10-17 09:33:04,67.07,26800,66.93,U
sh603301,振德医疗,2025-10-17 09:33:07,67.07,5600,67.07,D
sh603301,振德医疗,2025-10-17 09:33:10,67.24,4900,67.07,U
sh603301,振德医疗,2025-10-17 09:33:13,67.28,17300,67.24,U
sh603301,振德医疗,2025-10-17 09:33:19,67.49,3500,67.3,U
sh603301,振德医疗,2025-10-17 09:33:22,67.58,21100,67.49,U
sh603301,振德医疗,2025-10-17 09:33:25,67.6,6700,67.58,U
sh603301,振德医疗,2025-10-17 09:33:28,67.58,4000,67.6,D
sh603301,振德医疗,2025-10-17 09:33:31,67.81,6800,67.58,D
sh603301,振德医疗,2025-10-17 09:33:34,67.58,30000,67.81,D
sh603301,振德医疗,2025-10-17 09:33:37,67.65,40900,67.58,U
sh603301,振德医疗,2025-10-17 09:33:40,67.53,7800,67.65,E
sh603301,振德医疗,2025-10-17 09:33:43,67.49,6600,67.53,D
sh603301,振德医疗,2025-10-17 09:33:46,67.49,8400,67.49,D
sh603301,振德医疗,2025-10-17 09:33:49,67.49,6500,67.49,D
sh603301,振德医疗,2025-10-17 09:33:52,67.49,26900,67.49,D
sh603301,振德医疗,2025-10-17 09:33:55,67.5,16300,67.49,U
sh603301,振德医疗,2025-10-17 09:33:58,67.54,3200,67.5,E
sh603301,振德医疗,2025-10-17 09:34:01,67.58,15500,67.54,U
sh603301,振德医疗,2025-10-17 09:34:04,67.56,3800,67.58,E
sh603301,振德医疗,2025-10-17 09:34:07,67.49,29300,67.56,D
sh603301,振德医疗,2025-10-17 09:34:13,67.07,49100,67.25,D
sh603301,振德医疗,2025-10-17 09:34:16,67.18,7700,67.07,E
sh603301,振德医疗,2025-10-17 09:34:19,66.9,20300,67.18,D
sh603301,振德医疗,2025-10-17 09:34:25,66.9,10600,66.96,D
sh603301,振德医疗,2025-10-17 09:34:28,66.8,31300,66.9,D
sh603301,振德医疗,2025-10-17 09:34:31,66.85,3200,66.8,U
sh603301,振德医疗,2025-10-17 09:34:37,66.85,14700,66.5,U
sh603301,振德医疗,2025-10-17 09:34:40,66.68,3800,66.85,E
sh603301,振德医疗,2025-10-17 09:34:43,66.5,6500,66.68,U
sh603301,振德医疗,2025-10-17 09:34:46,66.43,5900,66.5,D
sh603301,振德医疗,2025-10-17 09:34:49,66.5,23300,66.43,E
sh603301,振德医疗,2025-10-17 09:34:52,66.68,6400,66.5,U
sh603301,振德医疗,2025-10-17 09:34:58,66.85,7100,66.85,U
sh603301,振德医疗,2025-10-17 09:35:01,66.9,7300,66.85,U
sh603301,振德医疗,2025-10-17 09:35:07,66.63,18420,66.85,D
sh603301,振德医疗,2025-10-17 09:35:10,66.52,4400,66.63,D
sh603301,振德医疗,2025-10-17 09:35:13,66.42,19300,66.52,D
sh603301,振德医疗,2025-10-17 09:35:16,66.19,6000,66.42,D
sh603301,振德医疗,2025-10-17 09:35:19,66.13,17600,66.19,E
sh603301,振德医疗,2025-10-17 09:35:22,66.09,9400,66.13,D
sh603301,振德医疗,2025-10-17 09:35:25,66.18,7300,66.09,U
sh603301,振德医疗,2025-10-17 09:35:28,66.41,11000,66.18,U
sh603301,振德医疗,2025-10-17 09:35:40,66.59,3100,66.59,D
sh603301,振德医疗,2025-10-17 09:35:43,66.87,3100,66.59,U
sh603301,振德医疗,2025-10-17 09:35:46,66.88,3600,66.87,E
sh603301,振德医疗,2025-10-17 09:36:04,67.25,12700,67.47,D
sh603301,振德医疗,2025-10-17 09:36:07,67.06,5400,67.25,D
sh603301,振德医疗,2025-10-17 09:36:10,67.0,4600,67.06,D
sh603301,振德医疗,2025-10-17 09:36:13,66.91,19500,67.0,D
sh603301,振德医疗,2025-10-17 09:36:16,67.06,21800,66.91,U
sh603301,振德医疗,2025-10-17 09:36:19,67.0,5000,67.06,U
sh603301,振德医疗,2025-10-17 09:36:25,67.06,3700,67.0,U
sh603301,振德医疗,2025-10-17 09:36:28,67.06,10500,67.06,D
sh603301,振德医疗,2025-10-17 09:36:31,67.06,3900,67.06,U
sh603301,振德医疗,2025-10-17 09:36:34,67.01,10300,67.06,D
sh603301,振德医疗,2025-10-17 09:36:37,67.0,4900,67.01,D
sh603301,振德医疗,2025-10-17 09:36:40,66.87,12700,67.0,D
sh603301,振德医疗,2025-10-17 09:36:46,66.83,3200,66.67,U
sh603301,振德医疗,2025-10-17 09:36:55,66.67,20800,66.83,D
sh603301,振德医疗,2025-10-17 09:36:58,66.91,3700,66.67,U
sh603301,振德医疗,2025-10-17 09:37:01,66.91,4300,66.91,D
sh603301,振德医疗,2025-10-17 09:37:10,66.92,8300,66.92,D
sh603301,振德医疗,2025-10-17 09:37:13,67.1,132500,66.92,U
sh603301,振德医疗,2025-10-17 09:37:16,67.53,18100,67.1,U
sh603301,振德医疗,2025-10-17 09:37:19,67.56,16000,67.53,U
sh603301,振德医疗,2025-10-17 09:37:22,67.56,3600,67.56,U
sh603301,振德医疗,2025-10-17 09:37:25,67.58,26300,67.56,U
sh603301,振德医疗,2025-10-17 09:37:28,67.58,23800,67.58,U
sh603301,振德医疗,2025-10-17 09:37:31,67.55,40800,67.58,D
sh603301,振德医疗,2025-10-17 09:37:34,67.55,14000,67.55,D
sh603301,振德医疗,2025-10-17 09:37:37,67.54,15700,67.55,D
sh603301,振德医疗,2025-10-17 09:37:40,67.49,12000,67.54,D
sh603301,振德医疗,2025-10-17 09:37:43,67.41,9000,67.49,E
sh603301,振德医疗,2025-10-17 09:37:46,67.41,4200,67.41,U
sh603301,振德医疗,2025-10-17 09:37:49,67.39,3200,67.41,D
sh603301,振德医疗,2025-10-17 09:37:55,67.5,4100,67.5,D
sh603301,振德医疗,2025-10-17 09:37:58,67.51,4600,67.5,U
sh603301,振德医疗,2025-10-17 09:38:01,67.56,12000,67.51,U
sh603301,振德医疗,2025-10-17 09:38:04,67.57,4700,67.56,U
sh603301,振德医疗,2025-10-17 09:38:07,67.56,27300,67.57,D
sh603301,振德医疗,2025-10-17 09:38:10,67.56,9200,67.56,D
sh603301,振德医疗,2025-10-17 09:38:13,67.56,4500,67.56,D
sh603301,振德医疗,2025-10-17 09:38:16,67.51,11400,67.56,D
sh603301,振德医疗,2025-10-17 09:38:19,67.56,3800,67.51,U
sh603301,振德医疗,2025-10-17 09:38:25,67.6,17460,67.56,U
sh603301,振德医疗,2025-10-17 09:38:28,67.7,16700,67.6,U
sh603301,振德医疗,2025-10-17 09:38:31,67.7,44900,67.7,D
sh603301,振德医疗,2025-10-17 09:38:34,67.7,4600,67.7,D
sh603301,振德医疗,2025-10-17 09:38:37,67.7,4200,67.7,U
sh603301,振德医疗,2025-10-17 09:38:40,67.7,3100,67.7,D
sh603301,振德医疗,2025-10-17 09:38:43,67.7,18400,67.7,D
sh603301,振德医疗,2025-10-17 09:38:46,67.73,4500,67.7,D
sh603301,振德医疗,2025-10-17 09:38:49,67.7,6400,67.73,D
sh603301,振德医疗,2025-10-17 09:38:52,67.7,9000,67.7,D
sh603301,振德医疗,2025-10-17 09:38:55,67.78,4400,67.7,U
sh603301,振德医疗,2025-10-17 09:38:58,67.78,4600,67.78,U
sh603301,振德医疗,2025-10-17 09:39:01,67.7,37000,67.78,D
sh603301,振德医疗,2025-10-17 09:39:04,67.56,19700,67.7,D
sh603301,振德医疗,2025-10-17 09:39:07,67.51,35300,67.56,D
sh603301,振德医疗,2025-10-17 09:39:10,67.46,9600,67.51,D
sh603301,振德医疗,2025-10-17 09:39:16,67.45,26600,67.39,U
sh603301,振德医疗,2025-10-17 09:39:19,67.38,16700,67.45,D
sh603301,振德医疗,2025-10-17 09:39:25,67.58,32400,67.38,U
sh603301,振德医疗,2025-10-17 09:39:31,67.73,6700,67.66,U
sh603301,振德医疗,2025-10-17 09:39:34,67.87,12700,67.73,U
sh603301,振德医疗,2025-10-17 09:39:37,67.66,25000,67.87,D
sh603301,振德医疗,2025-10-17 09:39:40,67.66,5600,67.66,U
sh603301,振德医疗,2025-10-17 09:39:43,67.54,5900,67.66,D
sh603301,振德医疗,2025-10-17 09:39:46,67.54,6900,67.54,D
sh603301,振德医疗,2025-10-17 09:39:49,67.49,6900,67.54,E
sh603301,振德医疗,2025-10-17 09:39:52,67.54,4900,67.49,U
sh603301,振德医疗,2025-10-17 09:39:55,67.66,6900,67.54,U
sh603301,振德医疗,2025-10-17 09:40:01,67.54,7400,67.65,D
sh603301,振德医疗,2025-10-17 09:40:04,67.49,3600,67.54,D
sh603301,振德医疗,2025-10-17 09:40:07,67.5,7200,67.49,U
sh603301,振德医疗,2025-10-17 09:40:31,67.55,3200,67.58,D
sh603301,振德医疗,2025-10-17 09:40:46,67.6,5800,67.6,D
sh603301,振德医疗,2025-10-17 09:40:49,67.58,4500,67.6,D
sh603301,振德医疗,2025-10-17 09:40:52,67.59,21900,67.58,U
sh603301,振德医疗,2025-10-17 09:41:01,67.6,4200,67.59,U
sh603301,振德医疗,2025-10-17 09:41:04,67.58,3200,67.6,D
sh603301,振德医疗,2025-10-17 09:41:07,67.58,4300,67.58,D
sh603301,振德医疗,2025-10-17 09:41:10,67.55,34800,67.58,D
sh603301,振德医疗,2025-10-17 09:41:16,67.55,30000,67.56,E
sh603301,振德医疗,2025-10-17 09:41:19,67.4,60800,67.55,D
sh603301,振德医疗,2025-10-17 09:41:22,67.36,14200,67.4,D
sh603301,振德医疗,2025-10-17 09:41:34,67.35,6000,67.18,U
sh603301,振德医疗,2025-10-17 09:41:37,67.04,7600,67.35,D
sh603301,振德医疗,2025-10-17 09:41:43,67.35,5500,67.35,D
sh603301,振德医疗,2025-10-17 09:41:46,67.35,5900,67.35,D
sh603301,振德医疗,2025-10-17 09:41:49,67.35,12700,67.35,D
sh603301,振德医疗,2025-10-17 09:41:52,67.35,7300,67.35,D
sh603301,振德医疗,2025-10-17 09:41:55,67.47,8300,67.35,E
sh603301,振德医疗,2025-10-17 09:41:58,67.3,12200,67.47,D
sh603301,振德医疗,2025-10-17 09:42:07,67.05,12900,67.04,U
sh603301,振德医疗,2025-10-17 09:42:10,67.05,3900,67.05,D
sh603301,振德医疗,2025-10-17 09:42:16,67.04,7400,67.05,D
sh603301,振德医疗,2025-10-17 09:42:22,67.0,11500,67.01,D
sh603301,振德医疗,2025-10-17 09:42:28,67.0,4400,67.0,D
sh603301,振德医疗,2025-10-17 09:42:31,67.05,3100,67.0,U
sh603301,振德医疗,2025-10-17 09:42:40,67.0,3500,67.0,D
sh603301,振德医疗,2025-10-17 09:42:43,67.01,3000,67.0,E
sh603301,振德医疗,2025-10-17 09:42:52,67.01,10600,67.0,U
sh603301,振德医疗,2025-10-17 09:42:55,67.01,6800,67.01,U
sh603301,振德医疗,2025-10-17 09:43:01,67.0,7400,67.0,D
sh603301,振德医疗,2025-10-17 09:43:04,67.01,4100,67.0,U
sh603301,振德医疗,2025-10-17 09:43:07,67.01,9200,67.01,D
sh603301,振德医疗,2025-10-17 09:43:10,67.05,3400,67.01,U
sh603301,振德医疗,2025-10-17 09:43:13,67.02,4970,67.05,D
sh603301,振德医疗,2025-10-17 09:43:25,67.06,6900,67.05,U
sh603301,振德医疗,2025-10-17 09:43:28,67.08,3870,67.06,U
sh603301,振德医疗,2025-10-17 09:43:31,67.08,3200,67.08,U
sh603301,振德医疗,2025-10-17 09:43:40,67.09,4700,67.08,U
sh603301,振德医疗,2025-10-17 09:43:49,67.08,3700,67.09,D
sh603301,振德医疗,2025-10-17 09:43:52,67.09,15900,67.08,U
sh603301,振德医疗,2025-10-17 09:43:55,67.08,7400,67.09,D
sh603301,振德医疗,2025-10-17 09:44:04,67.09,3400,67.09,U
sh603301,振德医疗,2025-10-17 09:44:10,67.09,43400,67.08,U
sh603301,振德医疗,2025-10-17 09:44:13,67.02,13730,67.09,D
sh603301,振德医疗,2025-10-17 09:44:16,66.99,18628,67.02,D
sh603301,振德医疗,2025-10-17 09:44:22,66.84,13400,66.99,D
sh603301,振德医疗,2025-10-17 09:44:25,66.83,5000,66.84,D
sh603301,振德医疗,2025-10-17 09:44:28,66.83,4100,66.83,D
sh603301,振德医疗,2025-10-17 09:44:31,66.83,4600,66.83,D
sh603301,振德医疗,2025-10-17 09:44:34,66.83,3600,66.83,D
sh603301,振德医疗,2025-10-17 09:44:37,66.83,11900,66.83,D
sh603301,振德医疗,2025-10-17 09:44:40,66.83,3800,66.83,D
sh603301,振德医疗,2025-10-17 09:44:43,66.82,8300,66.83,D
sh603301,振德医疗,2025-10-17 09:44:46,66.81,18100,66.82,U
sh603301,振德医疗,2025-10-17 09:44:52,66.8,6600,66.81,D
sh603301,振德医疗,2025-10-17 09:44:55,66.8,4500,66.8,D
sh603301,振德医疗,2025-10-17 09:45:04,66.67,5000,66.79,D
sh603301,振德医疗,2025-10-17 09:45:13,66.67,8900,66.69,D
sh603301,振德医疗,2025-10-17 09:45:16,66.67,14300,66.67,D
sh603301,振德医疗,2025-10-17 09:45:19,66.68,9400,66.67,E
sh603301,振德医疗,2025-10-17 09:45:22,66.68,15051,66.68,D
sh603301,振德医疗,2025-10-17 09:45:25,66.77,28800,66.68,U
sh603301,振德医疗,2025-10-17 09:45:28,66.77,17300,66.77,U
sh603301,振德医疗,2025-10-17 09:45:37,66.75,3800,66.75,D
sh603301,振德医疗,2025-10-17 09:45:46,66.74,11900,66.75,E
sh603301,振德医疗,2025-10-17 09:45:52,66.74,4800,66.74,D
sh603301,振德医疗,2025-10-17 09:45:55,66.71,7600,66.74,D
sh603301,振德医疗,2025-10-17 09:46:07,66.7,7600,66.7,U
sh603301,振德医疗,2025-10-17 09:46:10,66.69,16000,66.7,E
sh603301,振德医疗,2025-10-17 09:46:16,66.68,9000,66.68,D
sh603301,振德医疗,2025-10-17 09:46:19,66.68,28300,66.68,D
sh603301,振德医疗,2025-10-17 09:46:22,66.68,71200,66.68,U
sh603301,振德医疗,2025-10-17 09:46:25,66.66,4500,66.68,U
sh603301,振德医疗,2025-10-17 09:46:28,66.69,5800,66.66,U
sh603301,振德医疗,2025-10-17 09:46:31,66.68,12100,66.69,D
sh603301,振德医疗,2025-10-17 09:46:37,66.67,3500,66.66,E
sh603301,振德医疗,2025-10-17 09:46:40,66.6,29600,66.67,D
sh603301,振德医疗,2025-10-17 09:46:46,66.6,7700,66.58,U
sh603301,振德医疗,2025-10-17 09:46:58,66.55,4400,66.55,D
sh603301,振德医疗,2025-10-17 09:47:01,66.5,3200,66.55,D
sh603301,振德医疗,2025-10-17 09:47:10,66.5,26758,66.5,D
sh603301,振德医疗,2025-10-17 09:47:13,66.58,4100,66.5,U
sh603301,振德医疗,2025-10-17 09:47:16,66.5,8600,66.58,D
sh603301,振德医疗,2025-10-17 09:47:19,66.5,4100,66.5,D
sh603301,振德医疗,2025-10-17 09:47:34,66.52,7800,66.52,D
sh603301,振德医疗,2025-10-17 09:47:37,66.5,8600,66.52,D
sh603301,振德医疗,2025-10-17 09:47:40,66.51,3600,66.5,E
sh603301,振德医疗,2025-10-17 09:47:43,66.5,33042,66.51,D
sh603301,振德医疗,2025-10-17 09:47:46,66.47,4200,66.5,D
sh603301,振德医疗,2025-10-17 09:47:49,66.45,16800,66.47,D
sh603301,振德医疗,2025-10-17 09:47:52,66.45,5500,66.45,D
sh603301,振德医疗,2025-10-17 09:47:55,66.45,5800,66.45,D
sh603301,振德医疗,2025-10-17 09:48:01,66.45,4400,66.45,D
sh603301,振德医疗,2025-10-17 09:48:04,66.45,7500,66.45,D
sh603301,振德医疗,2025-10-17 09:48:13,66.43,11000,66.42,U
sh603301,振德医疗,2025-10-17 09:48:19,66.43,3400,66.43,U
sh603301,振德医疗,2025-10-17 09:48:22,66.31,3400,66.43,D
sh603301,振德医疗,2025-10-17 09:48:40,66.22,10900,66.23,D
sh603301,振德医疗,2025-10-17 09:48:43,66.23,8500,66.22,U
sh603301,振德医疗,2025-10-17 09:48:46,66.22,3100,66.23,D
sh603301,振德医疗,2025-10-17 09:48:49,66.21,6200,66.22,D
sh603301,振德医疗,2025-10-17 09:48:58,66.19,3500,66.19,U
sh603301,振德医疗,2025-10-17 09:49:01,66.19,5800,66.19,U
sh603301,振德医疗,2025-10-17 09:49:07,66.15,13500,66.16,D
sh603301,振德医疗,2025-10-17 09:49:10,66.15,10100,66.15,D
sh603301,振德医疗,2025-10-17 09:49:13,66.1,5300,66.15,D
sh603301,振德医疗,2025-10-17 09:49:22,66.0,5100,66.01,D
sh603301,振德医疗,2025-10-17 09:49:25,66.0,14900,66.0,D
sh603301,振德医疗,2025-10-17 09:49:28,65.99,16900,66.0,D
sh603301,振德医疗,2025-10-17 09:49:31,65.99,3400,65.99,D
sh603301,振德医疗,2025-10-17 09:49:34,66.06,29800,65.99,U
sh603301,振德医疗,2025-10-17 09:49:37,66.07,3800,66.06,E
sh603301,振德医疗,2025-10-17 09:49:40,66.05,3100,66.07,E
sh603301,振德医疗,2025-10-17 09:49:46,66.04,6500,66.05,D
sh603301,振德医疗,2025-10-17 09:49:49,66.0,5700,66.04,D
sh603301,振德医疗,2025-10-17 09:49:52,66.0,3900,66.0,D
sh603301,振德医疗,2025-10-17 09:49:55,66.03,12000,66.0,U
sh603301,振德医疗,2025-10-17 09:49:58,66.0,4300,66.03,D
sh603301,振德医疗,2025-10-17 09:50:01,66.0,6000,66.0,U
sh603301,振德医疗,2025-10-17 09:50:07,66.01,3700,65.98,U
sh603301,振德医疗,2025-10-17 09:50:10,66.11,14400,66.01,U
sh603301,振德医疗,2025-10-17 09:50:13,66.06,9100,66.11,D
sh603301,振德医疗,2025-10-17 09:50:16,66.16,3300,66.06,U
sh603301,振德医疗,2025-10-17 09:50:19,66.22,14600,66.16,U
sh603301,振德医疗,2025-10-17 09:50:22,66.28,8200,66.22,U
sh603301,振德医疗,2025-10-17 09:50:31,66.5,6500,66.42,U
sh603301,振德医疗,2025-10-17 09:50:34,66.61,5358,66.5,U
sh603301,振德医疗,2025-10-17 09:50:40,66.7,5200,66.54,U
sh603301,振德医疗,2025-10-17 09:50:46,66.7,4200,66.69,U
sh603301,振德医疗,2025-10-17 09:50:49,66.7,14900,66.7,D
sh603301,振德医疗,2025-10-17 09:50:52,66.71,5000,66.7,U
sh603301,振德医疗,2025-10-17 09:50:58,66.7,3300,66.7,U
sh603301,振德医疗,2025-10-17 09:51:01,66.69,18300,66.7,D
sh603301,振德医疗,2025-10-17 09:51:07,66.59,5000,66.65,D
sh603301,振德医疗,2025-10-17 09:51:10,66.69,6800,66.59,U
sh603301,振德医疗,2025-10-17 09:51:22,66.66,3620,66.66,D
sh603301,振德医疗,2025-10-17 09:51:25,66.69,4400,66.66,U
sh603301,振德医疗,2025-10-17 09:51:28,66.69,6400,66.69,U
sh603301,振德医疗,2025-10-17 09:51:31,66.66,3600,66.69,D
sh603301,振德医疗,2025-10-17 09:52:01,66.51,3400,66.51,U
sh603301,振德医疗,2025-10-17 09:52:10,66.5,12100,66.5,D
sh603301,振德医疗,2025-10-17 09:52:19,66.5,3600,66.5,D
sh603301,振德医疗,2025-10-17 09:52:22,66.5,4800,66.5,D
sh603301,振德医疗,2025-10-17 09:52:28,66.48,70100,66.51,D
sh603301,振德医疗,2025-10-17 09:52:31,66.33,4700,66.48,D
sh603301,振德医疗,2025-10-17 09:52:37,66.28,10700,66.31,D
sh603301,振德医疗,2025-10-17 09:53:04,66.13,4600,66.12,U
sh603301,振德医疗,2025-10-17 09:53:07,66.12,3400,66.13,D
sh603301,振德医疗,2025-10-17 09:53:13,66.12,4300,66.13,D
sh603301,振德医疗,2025-10-17 09:53:22,66.16,15800,66.12,U
sh603301,振德医疗,2025-10-17 09:53:25,66.2,4400,66.16,U
sh603301,振德医疗,2025-10-17 09:53:37,66.31,4600,66.31,U
sh603301,振德医疗,2025-10-17 09:53:46,66.5,5500,66.44,U
sh603301,振德医疗,2025-10-17 09:54:01,66.5,4900,66.46,U
sh603301,振德医疗,2025-10-17 09:54:04,66.46,8400,66.5,D
sh603301,振德医疗,2025-10-17 09:54:07,66.7,10800,66.46,U
sh603301,振德医疗,2025-10-17 09:54:28,66.3,38100,66.32,D
sh603301,振德医疗,2025-10-17 09:54:31,66.2,6800,66.3,D
sh603301,振德医疗,2025-10-17 09:54:34,66.2,3800,66.2,D
sh603301,振德医疗,2025-10-17 09:54:37,66.16,3700,66.2,D
sh603301,振德医疗,2025-10-17 09:54:43,66.15,8000,66.15,D
sh603301,振德医疗,2025-10-17 09:54:46,66.15,11900,66.15,D
sh603301,振德医疗,2025-10-17 09:54:49,66.15,10500,66.15,D
sh603301,振德医疗,2025-10-17 09:54:58,66.13,4500,66.15,D
sh603301,振德医疗,2025-10-17 09:55:04,66.13,7900,66.13,D
sh603301,振德医疗,2025-10-17 09:55:07,66.14,3800,66.13,E
sh603301,振德医疗,2025-10-17 09:55:10,66.13,7500,66.14,D
sh603301,振德医疗,2025-10-17 09:55:19,66.12,6400,66.13,D
sh603301,振德医疗,2025-10-17 09:55:22,66.1,16600,66.12,D
sh603301,振德医疗,2025-10-17 09:55:28,66.12,6400,66.07,U
sh603301,振德医疗,2025-10-17 09:55:34,66.14,4800,66.13,U
sh603301,振德医疗,2025-10-17 09:55:37,66.21,4000,66.14,U
sh603301,振德医疗,2025-10-17 09:55:46,66.21,6800,66.21,D
sh603301,振德医疗,2025-10-17 09:55:52,66.22,8100,66.22,D
sh603301,振德医疗,2025-10-17 09:55:55,66.22,6600,66.22,D
sh603301,振德医疗,2025-10-17 09:56:04,66.12,22800,66.18,D
sh603301,振德医疗,2025-10-17 09:56:10,66.1,4900,66.1,D
sh603301,振德医疗,2025-10-17 09:56:16,66.09,5900,66.1,E
sh603301,振德医疗,2025-10-17 09:56:19,66.07,7400,66.09,E
sh603301,振德医疗,2025-10-17 09:56:22,66.06,3100,66.07,D
sh603301,振德医疗,2025-10-17 09:56:28,66.05,3400,66.07,D
sh603301,振德医疗,2025-10-17 09:56:37,66.03,12200,66.05,D
sh603301,振德医疗,2025-10-17 09:56:40,66.12,16700,66.03,U
sh603301,振德医疗,2025-10-17 09:56:49,66.21,6800,66.21,D
sh603301,振德医疗,2025-10-17 09:57:43,66.24,3400,66.24,U
sh603301,振德医疗,2025-10-17 09:58:01,66.23,5900,66.24,D
sh603301,振德医疗,2025-10-17 09:58:10,66.24,5200,66.22,U
sh603301,振德医疗,2025-10-17 09:58:19,66.24,4280,66.24,D
sh603301,振德医疗,2025-10-17 09:58:22,66.23,3500,66.24,D
sh603301,振德医疗,2025-10-17 09:58:37,66.42,6200,66.3,U
sh603301,振德医疗,2025-10-17 09:58:58,66.52,3900,66.51,U
sh603301,振德医疗,2025-10-17 09:59:07,66.46,7900,66.51,D
sh603301,振德医疗,2025-10-17 09:59:25,66.38,4800,66.32,U
sh603301,振德医疗,2025-10-17 09:59:31,66.3,5300,66.31,D
sh603301,振德医疗,2025-10-17 09:59:34,66.26,11072,66.3,D
sh603301,振德医疗,2025-10-17 09:59:40,66.2,3620,66.23,D
sh603301,振德医疗,2025-10-17 09:59:46,66.2,18520,66.24,D
sh603301,振德医疗,2025-10-17 09:59:49,66.25,6180,66.2,U
sh603301,振德医疗,2025-10-17 09:59:55,66.27,9800,66.27,D
sh603301,振德医疗,2025-10-17 09:59:58,66.28,4600,66.27,E
sh603301,振德医疗,2025-10-17 10:00:01,66.27,5300,66.28,D
sh603301,振德医疗,2025-10-17 10:00:10,66.27,5000,66.28,D
sh603301,振德医疗,2025-10-17 10:00:19,66.28,5800,66.33,D
sh603301,振德医疗,2025-10-17 10:01:07,66.29,6200,66.29,U
sh603301,振德医疗,2025-10-17 10:01:22,66.27,11800,66.27,D
sh603301,振德医疗,2025-10-17 10:01:25,66.2,4700,66.27,D
sh603301,振德医疗,2025-10-17 10:01:31,66.2,3300,66.22,D
sh603301,振德医疗,2025-10-17 10:01:40,66.2,3200,66.2,D
sh603301,振德医疗,2025-10-17 10:01:43,66.18,4928,66.2,D
sh603301,振德医疗,2025-10-17 10:01:52,66.2,16228,66.1,U
sh603301,振德医疗,2025-10-17 10:02:22,66.14,7600,66.12,U
sh603301,振德医疗,2025-10-17 10:02:25,66.17,6500,66.14,U
sh603301,振德医疗,2025-10-17 10:02:28,66.21,3600,66.17,U
sh603301,振德医疗,2025-10-17 10:02:34,66.21,4400,66.17,U
sh603301,振德医疗,2025-10-17 10:02:43,66.21,4400,66.19,U
sh603301,振德医疗,2025-10-17 10:02:55,66.14,3800,66.17,D
sh603301,振德医疗,2025-10-17 10:02:58,66.2,5500,66.14,U
sh603301,振德医疗,2025-10-17 10:03:25,66.18,20200,66.18,D
sh603301,振德医疗,2025-10-17 10:03:46,66.18,10400,66.19,D
sh603301,振德医疗,2025-10-17 10:03:49,66.18,10600,66.18,D
sh603301,振德医疗,2025-10-17 10:03:55,66.17,5200,66.17,U
sh603301,振德医疗,2025-10-17 10:04:04,66.15,3600,66.16,U
sh603301,振德医疗,2025-10-17 10:04:16,66.15,5700,66.15,D
sh603301,振德医疗,2025-10-17 10:04:19,66.16,3700,66.15,D
sh603301,振德医疗,2025-10-17 10:04:22,66.25,7800,66.16,U
sh603301,振德医疗,2025-10-17 10:04:52,66.4,4300,66.4,U
sh603301,振德医疗,2025-10-17 10:04:58,66.52,4300,66.49,U
sh603301,振德医疗,2025-10-17 10:05:13,66.52,13100,66.52,U
sh603301,振德医疗,2025-10-17 10:05:16,66.52,3300,66.52,U
sh603301,振德医疗,2025-10-17 10:05:22,66.57,3300,66.53,U
sh603301,振德医疗,2025-10-17 10:05:28,66.66,4400,66.65,U
sh603301,振德医疗,2025-10-17 10:05:37,66.76,33100,66.68,U
sh603301,振德医疗,2025-10-17 10:05:49,67.05,5000,67.0,U
sh603301,振德医疗,2025-10-17 10:06:10,67.3,11900,67.3,U
sh603301,振德医疗,2025-10-17 10:06:16,67.45,6200,67.3,U
sh603301,振德医疗,2025-10-17 10:06:19,67.46,9800,67.45,U
sh603301,振德医疗,2025-10-17 10:06:25,67.49,10700,67.45,U
sh603301,振德医疗,2025-10-17 10:06:28,67.5,6800,67.49,U
sh603301,振德医疗,2025-10-17 10:06:31,67.5,3000,67.5,U
sh603301,振德医疗,2025-10-17 10:06:34,67.53,3900,67.5,U
sh603301,振德医疗,2025-10-17 10:06:37,67.54,10100,67.53,U
sh603301,振德医疗,2025-10-17 10:06:40,67.54,3900,67.54,U
sh603301,振德医疗,2025-10-17 10:06:43,67.53,15700,67.54,D
sh603301,振德医疗,2025-10-17 10:06:46,67.54,5100,67.53,U
sh603301,振德医疗,2025-10-17 10:06:49,67.5,26100,67.54,D
sh603301,振德医疗,2025-10-17 10:07:01,67.3,8400,67.35,D
sh603301,振德医疗,2025-10-17 10:07:07,67.2,6400,67.21,D
sh603301,振德医疗,2025-10-17 10:07:10,67.16,3500,67.2,D
sh603301,振德医疗,2025-10-17 10:07:13,67.2,3400,67.16,E
sh603301,振德医疗,2025-10-17 10:07:25,67.13,5500,67.12,E
sh603301,振德医疗,2025-10-17 10:07:40,67.23,5600,67.23,U
sh603301,振德医疗,2025-10-17 10:07:55,67.13,4000,67.14,D
sh603301,振德医疗,2025-10-17 10:08:01,67.1,9600,67.13,D
sh603301,振德医疗,2025-10-17 10:08:49,67.11,15700,67.14,D
sh603301,振德医疗,2025-10-17 10:08:52,67.06,29700,67.11,D
sh603301,振德医疗,2025-10-17 10:08:55,67.03,12800,67.06,D
sh603301,振德医疗,2025-10-17 10:09:01,66.98,3100,66.98,D
sh603301,振德医疗,2025-10-17 10:09:04,66.88,5600,66.98,D
sh603301,振德医疗,2025-10-17 10:09:10,67.0,4500,66.88,U
sh603301,振德医疗,2025-10-17 10:09:22,66.96,4900,67.0,D
sh603301,振德医疗,2025-10-17 10:09:37,66.99,3500,66.96,U
sh603301,振德医疗,2025-10-17 10:10:22,67.0,3100,67.0,D
sh603301,振德医疗,2025-10-17 10:10:31,67.0,6700,67.0,D
sh603301,振德医疗,2025-10-17 10:10:34,66.99,22400,67.0,D
sh603301,振德医疗,2025-10-17 10:10:37,66.96,5300,66.99,D
sh603301,振德医疗,2025-10-17 10:10:46,66.94,3900,66.88,U
sh603301,振德医疗,2025-10-17 10:10:55,66.94,9100,66.94,D
sh603301,振德医疗,2025-10-17 10:11:16,66.95,4700,66.96,D
sh603301,振德医疗,2025-10-17 10:11:34,66.94,10100,66.96,D
sh603301,振德医疗,2025-10-17 10:11:37,66.9,7600,66.94,D
sh603301,振德医疗,2025-10-17 10:11:40,66.88,16400,66.9,D
sh603301,振德医疗,2025-10-17 10:11:46,66.9,15200,66.84,U
sh603301,振德医疗,2025-10-17 10:12:01,66.79,15500,66.8,D
sh603301,振德医疗,2025-10-17 10:12:10,66.7,16800,66.76,D
sh603301,振德医疗,2025-10-17 10:12:13,66.66,12900,66.7,D
sh603301,振德医疗,2025-10-17 10:12:19,66.67,3100,66.67,D
sh603301,振德医疗,2025-10-17 10:12:31,66.7,4000,66.67,U
sh603301,振德医疗,2025-10-17 10:13:04,66.8,14100,66.72,U
sh603301,振德医疗,2025-10-17 10:13:07,66.7,6000,66.8,D
sh603301,振德医疗,2025-10-17 10:13:13,66.8,5500,66.7,U
sh603301,振德医疗,2025-10-17 10:13:46,66.92,7800,66.92,U
sh603301,振德医疗,2025-10-17 10:13:52,66.96,5400,66.94,U
sh603301,振德医疗,2025-10-17 10:14:37,67.14,13200,67.14,U
sh603301,振德医疗,2025-10-17 10:14:52,67.07,3900,67.07,U
sh603301,振德医疗,2025-10-17 10:15:07,67.07,8400,67.05,U
sh603301,振德医疗,2025-10-17 10:15:40,67.06,10300,67.05,E
sh603301,振德医疗,2025-10-17 10:15:43,67.05,3400,67.06,D
sh603301,振德医疗,2025-10-17 10:15:46,67.08,10200,67.05,E
sh603301,振德医疗,2025-10-17 10:15:55,67.05,5100,67.08,D
sh603301,振德医疗,2025-10-17 10:15:58,67.08,9900,67.05,U
sh603301,振德医疗,2025-10-17 10:16:34,66.9,22600,67.0,D
sh603301,振德医疗,2025-10-17 10:16:55,66.75,6800,66.75,D
sh603301,振德医疗,2025-10-17 10:16:58,66.73,6000,66.75,D
sh603301,振德医疗,2025-10-17 10:17:07,66.73,3800,66.73,D
sh603301,振德医疗,2025-10-17 10:17:52,66.87,5700,66.84,U
sh603301,振德医疗,2025-10-17 10:18:04,66.87,3700,66.9,D
sh603301,振德医疗,2025-10-17 10:18:28,66.87,15600,66.87,D
sh603301,振德医疗,2025-10-17 10:18:31,66.83,11300,66.87,D
sh603301,振德医疗,2025-10-17 10:18:37,66.79,14300,66.79,D
sh603301,振德医疗,2025-10-17 10:18:40,66.76,10700,66.79,D
sh603301,振德医疗,2025-10-17 10:19:25,66.8,3000,66.8,D
sh603301,振德医疗,2025-10-17 10:19:46,66.8,3967,66.8,D
sh603301,振德医疗,2025-10-17 10:19:52,66.84,4000,66.81,U
sh603301,振德医疗,2025-10-17 10:20:52,66.85,3800,66.86,D
sh603301,振德医疗,2025-10-17 10:21:22,66.9,6500,66.9,U
sh603301,振德医疗,2025-10-17 10:21:58,66.97,8100,66.96,U
sh603301,振德医疗,2025-10-17 10:22:52,66.97,13800,67.01,D
sh603301,振德医疗,2025-10-17 10:22:55,66.95,10500,66.97,D
sh603301,振德医疗,2025-10-17 10:22:58,66.95,8000,66.95,D
sh603301,振德医疗,2025-10-17 10:23:01,66.9,11900,66.95,D
sh603301,振德医疗,2025-10-17 10:23:04,66.9,3300,66.9,D
sh603301,振德医疗,2025-10-17 10:23:19,66.89,10900,66.91,D
sh603301,振德医疗,2025-10-17 10:23:22,66.86,5600,66.89,D
sh603301,振德医疗,2025-10-17 10:24:58,66.88,3500,66.89,D
sh603301,振德医疗,2025-10-17 10:25:10,66.8,12700,66.85,D
sh603301,振德医疗,2025-10-17 10:25:13,66.84,6500,66.8,U
sh603301,振德医疗,2025-10-17 10:25:19,66.75,4400,66.76,D
sh603301,振德医疗,2025-10-17 10:25:22,66.75,5200,66.75,D
sh603301,振德医疗,2025-10-17 10:26:07,66.73,23233,66.78,D
sh603301,振德医疗,2025-10-17 10:26:10,66.75,26000,66.73,U
sh603301,振德医疗,2025-10-17 10:26:16,66.69,10700,66.7,D
sh603301,振德医疗,2025-10-17 10:26:25,66.68,5600,66.67,E
sh603301,振德医疗,2025-10-17 10:26:28,66.7,13700,66.68,U
sh603301,振德医疗,2025-10-17 10:26:40,66.7,4800,66.7,U
sh603301,振德医疗,2025-10-17 10:27:04,66.71,8000,66.71,D
sh603301,振德医疗,2025-10-17 10:27:07,66.71,3200,66.71,U
sh603301,振德医疗,2025-10-17 10:27:49,66.72,4600,66.73,D
sh603301,振德医疗,2025-10-17 10:27:52,66.71,4900,66.72,D
sh603301,振德医疗,2025-10-17 10:28:01,66.71,9500,66.71,U
sh603301,振德医疗,2025-10-17 10:28:58,66.88,4400,66.88,U
sh603301,振德医疗,2025-10-17 10:29:25,66.89,6800,66.87,U
sh603301,振德医疗,2025-10-17 10:29:34,66.85,4800,66.87,D
sh603301,振德医疗,2025-10-17 10:30:13,66.87,11600,66.83,U
sh603301,振德医疗,2025-10-17 10:30:37,66.9,6300,66.88,U
sh603301,振德医疗,2025-10-17 10:31:22,67.06,6800,67.03,U
sh603301,振德医疗,2025-10-17 10:32:07,66.97,3800,67.03,D
sh603301,振德医疗,2025-10-17 10:32:58,67.02,3300,67.01,E
sh603301,振德医疗,2025-10-17 10:33:01,67.07,6000,67.02,U
sh603301,振德医疗,2025-10-17 10:33:16,67.08,3200,67.08,U
sh603301,振德医疗,2025-10-17 10:33:19,67.08,4600,67.08,U
sh603301,振德医疗,2025-10-17 10:33:22,67.11,26000,67.08,U
sh603301,振德医疗,2025-10-17 10:33:28,67.15,5800,67.11,U
sh603301,振德医疗,2025-10-17 10:33:40,67.12,4300,67.11,U
sh603301,振德医疗,2025-10-17 10:34:25,67.13,149300,67.16,D
sh603301,振德医疗,2025-10-17 10:34:40,67.12,9000,67.17,D
sh603301,振德医疗,2025-10-17 10:34:46,67.12,9800,67.12,U
sh603301,振德医疗,2025-10-17 10:35:04,67.12,8800,67.12,D
sh603301,振德医疗,2025-10-17 10:35:25,67.13,30100,67.11,U
sh603301,振德医疗,2025-10-17 10:35:28,67.1,3500,67.13,D
sh603301,振德医疗,2025-10-17 10:35:46,67.1,8300,67.1,D
sh603301,振德医疗,2025-10-17 10:35:58,67.2,23900,67.1,U
sh603301,振德医疗,2025-10-17 10:36:01,67.25,7300,67.2,E
sh603301,振德医疗,2025-10-17 10:37:19,67.31,3700,67.3,U
sh603301,振德医疗,2025-10-17 10:37:22,67.33,4200,67.31,U
sh603301,振德医疗,2025-10-17 10:37:49,67.4,4200,67.38,U
sh603301,振德医疗,2025-10-17 10:38:10,67.43,4900,67.43,D
sh603301,振德医疗,2025-10-17 10:38:22,67.5,4600,67.49,U
sh603301,振德医疗,2025-10-17 10:38:34,67.37,3400,67.47,D
sh603301,振德医疗,2025-10-17 10:38:43,67.3,37600,67.37,D
sh603301,振德医疗,2025-10-17 10:38:46,67.28,8300,67.3,D
sh603301,振德医疗,2025-10-17 10:38:49,67.24,7400,67.28,D
sh603301,振德医疗,2025-10-17 10:38:52,67.24,7300,67.24,D
sh603301,振德医疗,2025-10-17 10:38:58,67.23,8000,67.2,U
sh603301,振德医疗,2025-10-17 10:39:25,67.13,3500,67.13,D
sh603301,振德医疗,2025-10-17 10:40:22,67.15,19800,67.14,U
sh603301,振德医疗,2025-10-17 10:41:13,67.13,3700,67.15,D
sh603301,振德医疗,2025-10-17 10:41:19,67.11,5300,67.12,D
sh603301,振德医疗,2025-10-17 10:41:49,67.1,3000,67.1,D
sh603301,振德医疗,2025-10-17 10:41:55,67.07,16000,67.1,D
sh603301,振德医疗,2025-10-17 10:41:58,67.06,6700,67.07,D
sh603301,振德医疗,2025-10-17 10:42:01,66.97,9100,67.06,D
sh603301,振德医疗,2025-10-17 10:42:28,66.99,7800,66.98,U
sh603301,振德医疗,2025-10-17 10:43:07,66.98,7500,66.97,U
sh603301,振德医疗,2025-10-17 10:43:13,66.98,3600,66.98,D
sh603301,振德医疗,2025-10-17 10:43:37,66.98,4000,66.98,D
sh603301,振德医疗,2025-10-17 10:44:46,67.06,5400,67.07,D
sh603301,振德医疗,2025-10-17 10:45:04,67.05,16700,67.05,D
sh603301,振德医疗,2025-10-17 10:45:07,67.02,12600,67.05,D
sh603301,振德医疗,2025-10-17 10:45:19,66.98,3300,67.0,D
sh603301,振德医疗,2025-10-17 10:45:34,66.98,17100,66.97,U
sh603301,振德医疗,2025-10-17 10:45:37,66.98,5200,66.98,U
sh603301,振德医疗,2025-10-17 10:45:40,66.97,5700,66.98,D
sh603301,振德医疗,2025-10-17 10:45:55,66.96,6100,66.96,D
sh603301,振德医疗,2025-10-17 10:47:40,66.94,12300,66.94,U
sh603301,振德医疗,2025-10-17 10:47:58,67.06,8900,66.94,U
sh603301,振德医疗,2025-10-17 10:48:19,66.9,29100,66.92,D
sh603301,振德医疗,2025-10-17 10:48:22,66.88,5000,66.9,D
sh603301,振德医疗,2025-10-17 10:48:25,66.88,4700,66.88,D
sh603301,振德医疗,2025-10-17 10:48:37,66.86,3400,66.86,U
sh603301,振德医疗,2025-10-17 10:48:49,66.92,13140,66.87,U
sh603301,振德医疗,2025-10-17 10:48:58,66.99,7400,66.98,U
sh603301,振德医疗,2025-10-17 10:49:04,67.08,13200,66.98,U
sh603301,振德医疗,2025-10-17 10:49:13,67.1,15400,67.08,U
sh603301,振德医疗,2025-10-17 10:51:04,67.04,5200,67.04,U
sh603301,振德医疗,2025-10-17 10:52:37,67.04,5200,67.08,D
sh603301,振德医疗,2025-10-17 10:53:49,66.99,3300,66.99,D
sh603301,振德医疗,2025-10-17 10:53:52,66.9,7600,66.99,D
sh603301,振德医疗,2025-10-17 10:53:58,66.88,6500,66.88,U
sh603301,振德医疗,2025-10-17 10:54:01,66.87,4200,66.88,D
sh603301,振德医疗,2025-10-17 10:54:04,66.87,8000,66.87,D
sh603301,振德医疗,2025-10-17 10:54:07,66.87,4600,66.87,D
sh603301,振德医疗,2025-10-17 10:54:10,66.87,5200,66.87,D
sh603301,振德医疗,2025-10-17 10:54:13,66.87,5400,66.87,D
sh603301,振德医疗,2025-10-17 10:54:19,66.87,10000,66.87,D
sh603301,振德医疗,2025-10-17 10:55:01,66.88,4000,66.88,U
sh603301,振德医疗,2025-10-17 10:56:04,67.3,5800,67.11,U
sh603301,振德医疗,2025-10-17 10:57:13,67.09,3100,67.14,E
sh603301,振德医疗,2025-10-17 10:57:40,67.21,5800,67.2,U
sh603301,振德医疗,2025-10-17 10:57:43,67.22,4400,67.21,U
sh603301,振德医疗,2025-10-17 10:59:04,67.2,4800,67.11,U
sh603301,振德医疗,2025-10-17 10:59:13,67.11,3800,67.11,D
sh603301,振德医疗,2025-10-17 10:59:49,67.13,3100,67.12,D
sh603301,振德医疗,2025-10-17 10:59:52,67.2,5500,67.13,U
sh603301,振德医疗,2025-10-17 10:59:55,67.18,5000,67.2,E
sh603301,振德医疗,2025-10-17 11:00:01,67.12,4000,67.16,D
sh603301,振德医疗,2025-10-17 11:00:04,67.09,7500,67.12,D
sh603301,振德医疗,2025-10-17 11:00:07,67.09,3600,67.09,U
sh603301,振德医疗,2025-10-17 11:00:16,67.09,4000,67.09,D
sh603301,振德医疗,2025-10-17 11:00:31,67.1,3900,67.09,E
sh603301,振德医疗,2025-10-17 11:00:43,67.09,3200,67.1,D
sh603301,振德医疗,2025-10-17 11:01:19,67.0,7300,67.01,D
sh603301,振德医疗,2025-10-17 11:01:37,66.95,8900,66.95,D
sh603301,振德医疗,2025-10-17 11:02:34,66.96,4700,66.96,U
sh603301,振德医疗,2025-10-17 11:03:55,66.9,10700,66.9,D
sh603301,振德医疗,2025-10-17 11:04:01,66.87,6400,66.87,D
sh603301,振德医疗,2025-10-17 11:04:04,66.87,3900,66.87,D
sh603301,振德医疗,2025-10-17 11:04:07,66.87,7100,66.87,D
sh603301,振德医疗,2025-10-17 11:04:10,66.87,7000,66.87,D
sh603301,振德医疗,2025-10-17 11:04:37,66.91,3900,66.87,U
sh603301,振德医疗,2025-10-17 11:07:04,66.94,4500,66.92,U
sh603301,振德医疗,2025-10-17 11:07:16,66.94,3100,66.94,D
sh603301,振德医疗,2025-10-17 11:07:19,66.92,12100,66.94,D
sh603301,振德医疗,2025-10-17 11:07:28,66.88,4000,66.88,D
sh603301,振德医疗,2025-10-17 11:07:31,66.88,4000,66.88,D
sh603301,振德医疗,2025-10-17 11:07:34,66.87,8500,66.88,D
sh603301,振德医疗,2025-10-17 11:07:37,66.87,4800,66.87,D
sh603301,振德医疗,2025-10-17 11:07:49,66.87,3100,66.87,D
sh603301,振德医疗,2025-10-17 11:08:10,66.85,32400,66.87,D
sh603301,振德医疗,2025-10-17 11:08:13,66.85,7000,66.85,D
sh603301,振德医疗,2025-10-17 11:08:25,66.85,4500,66.85,D
sh603301,振德医疗,2025-10-17 11:08:28,66.84,16500,66.85,D
sh603301,振德医疗,2025-10-17 11:08:31,66.84,6300,66.84,D
sh603301,振德医疗,2025-10-17 11:08:34,66.85,8900,66.84,U
sh603301,振德医疗,2025-10-17 11:08:52,66.84,5900,66.85,D
sh603301,振德医疗,2025-10-17 11:09:25,66.88,6200,66.9,E
sh603301,振德医疗,2025-10-17 11:09:37,66.94,5800,66.91,U
sh603301,振德医疗,2025-10-17 11:09:52,66.99,3100,66.98,U
sh603301,振德医疗,2025-10-17 11:10:16,67.01,3100,67.0,U
sh603301,振德医疗,2025-10-17 11:10:37,66.99,4400,67.0,D
sh603301,振德医疗,2025-10-17 11:10:49,67.0,8900,67.0,U
sh603301,振德医疗,2025-10-17 11:10:52,67.01,6400,67.0,U
sh603301,振德医疗,2025-10-17 11:11:04,67.0,4000,67.01,D
sh603301,振德医疗,2025-10-17 11:11:07,67.0,10200,67.0,D
sh603301,振德医疗,2025-10-17 11:11:25,67.01,6600,67.01,D
sh603301,振德医疗,2025-10-17 11:11:43,67.0,3200,67.0,D
sh603301,振德医疗,2025-10-17 11:11:52,66.97,3100,66.99,D
sh603301,振德医疗,2025-10-17 11:11:58,66.97,7600,66.97,D
sh603301,振德医疗,2025-10-17 11:12:01,66.96,3800,66.97,D
sh603301,振德医疗,2025-10-17 11:12:10,67.0,5000,66.96,U
sh603301,振德医疗,2025-10-17 11:12:19,67.0,3100,67.0,D
sh603301,振德医疗,2025-10-17 11:12:49,66.95,10400,66.97,D
sh603301,振德医疗,2025-10-17 11:12:52,66.94,16100,66.95,D
sh603301,振德医疗,2025-10-17 11:13:04,67.0,22400,66.86,U
sh603301,振德医疗,2025-10-17 11:13:07,67.01,3200,67.0,U
sh603301,振德医疗,2025-10-17 11:13:13,67.01,3900,67.01,U
sh603301,振德医疗,2025-10-17 11:14:01,67.0,6200,67.0,D
sh603301,振德医疗,2025-10-17 11:14:34,67.0,20600,66.95,U
sh603301,振德医疗,2025-10-17 11:15:07,67.0,5900,66.99,U
sh603301,振德医疗,2025-10-17 11:17:28,67.09,17800,67.0,U
sh603301,振德医疗,2025-10-17 11:19:31,66.98,12800,67.01,D
sh603301,振德医疗,2025-10-17 11:19:34,66.96,14700,66.98,D
sh603301,振德医疗,2025-10-17 11:19:40,66.96,3700,66.96,D
sh603301,振德医疗,2025-10-17 11:20:22,66.95,3300,66.96,D
sh603301,振德医疗,2025-10-17 11:21:16,66.96,6000,66.92,U
sh603301,振德医疗,2025-10-17 11:21:19,66.96,3200,66.96,U
sh603301,振德医疗,2025-10-17 11:21:28,66.96,3300,66.96,U
sh603301,振德医疗,2025-10-17 11:21:34,66.95,4200,66.96,D
sh603301,振德医疗,2025-10-17 11:22:55,66.96,3300,66.96,D
sh603301,振德医疗,2025-10-17 11:23:43,66.92,5700,66.93,D
sh603301,振德医疗,2025-10-17 11:24:01,66.93,5000,66.94,D
sh603301,振德医疗,2025-10-17 11:24:46,66.94,7000,66.93,U
sh603301,振德医疗,2025-10-17 11:24:49,66.94,6400,66.94,D
sh603301,振德医疗,2025-10-17 11:24:55,66.93,6800,66.94,D
sh603301,振德医疗,2025-10-17 11:24:58,66.92,8810,66.93,D
sh603301,振德医疗,2025-10-17 11:25:13,66.92,6200,66.92,D
sh603301,振德医疗,2025-10-17 11:25:19,66.93,5600,66.92,U
sh603301,振德医疗,2025-10-17 11:25:55,67.05,25000,66.93,U
sh603301,振德医疗,2025-10-17 11:27:43,67.0,5100,67.0,D
sh603301,振德医疗,2025-10-17 11:27:49,67.02,13800,67.0,U
sh603301,振德医疗,2025-10-17 11:28:07,67.02,9800,66.96,U
sh603301,振德医疗,2025-10-17 11:28:37,67.0,12400,66.96,U
sh603301,振德医疗,2025-10-17 11:29:19,66.94,9100,66.95,D
sh603301,振德医疗,2025-10-17 11:29:25,66.92,4900,66.92,D
sh603301,振德医疗,2025-10-17 11:29:28,66.91,23700,66.92,D
sh603301,振德医疗,2025-10-17 11:29:31,66.91,9900,66.91,D
sh603301,振德医疗,2025-10-17 13:00:04,66.88,17800,66.85,U
sh603301,振德医疗,2025-10-17 13:00:07,66.83,19400,66.88,D
sh603301,振德医疗,2025-10-17 13:00:10,66.85,3900,66.83,U
sh603301,振德医疗,2025-10-17 13:00:13,66.83,11700,66.85,D
sh603301,振德医疗,2025-10-17 13:00:16,66.82,7400,66.83,D
sh603301,振德医疗,2025-10-17 13:00:22,66.81,11900,66.82,D
sh603301,振德医疗,2025-10-17 13:00:25,66.78,11800,66.81,D
sh603301,振德医疗,2025-10-17 13:00:28,66.74,4700,66.78,D
sh603301,振德医疗,2025-10-17 13:00:31,66.77,5300,66.74,U
sh603301,振德医疗,2025-10-17 13:00:40,66.8,4400,66.77,U
sh603301,振德医疗,2025-10-17 13:00:46,66.92,14400,66.8,U
sh603301,振德医疗,2025-10-17 13:00:49,66.96,8000,66.92,U
sh603301,振德医疗,2025-10-17 13:00:55,67.0,6300,66.99,U
sh603301,振德医疗,2025-10-17 13:01:04,67.0,4100,67.0,U
sh603301,振德医疗,2025-10-17 13:01:07,67.01,4400,67.0,E
sh603301,振德医疗,2025-10-17 13:01:22,67.11,10600,67.15,D
sh603301,振德医疗,2025-10-17 13:01:52,67.12,21100,67.06,U
sh603301,振德医疗,2025-10-17 13:01:55,67.09,13300,67.12,E
sh603301,振德医疗,2025-10-17 13:02:01,67.13,8900,67.12,U
sh603301,振德医疗,2025-10-17 13:03:25,67.11,9300,67.1,U
sh603301,振德医疗,2025-10-17 13:03:34,67.2,19498,67.16,U
sh603301,振德医疗,2025-10-17 13:05:07,67.03,6000,67.03,D
sh603301,振德医疗,2025-10-17 13:05:13,67.04,10200,67.03,E
sh603301,振德医疗,2025-10-17 13:05:16,67.03,3800,67.04,D
sh603301,振德医疗,2025-10-17 13:05:19,67.03,4400,67.03,D
sh603301,振德医疗,2025-10-17 13:05:22,66.99,32000,67.03,D
sh603301,振德医疗,2025-10-17 13:05:28,67.07,25500,67.0,U
sh603301,振德医疗,2025-10-17 13:06:16,67.12,37800,67.09,U
sh603301,振德医疗,2025-10-17 13:08:22,67.1,5200,67.06,U
sh603301,振德医疗,2025-10-17 13:09:28,67.08,3000,67.1,D
sh603301,振德医疗,2025-10-17 13:09:31,67.07,6300,67.08,D
sh603301,振德医疗,2025-10-17 13:09:34,67.03,3100,67.07,D
sh603301,振德医疗,2025-10-17 13:09:52,67.02,11100,67.03,D
sh603301,振德医疗,2025-10-17 13:09:58,67.03,21500,67.03,U
sh603301,振德医疗,2025-10-17 13:10:01,67.02,79900,67.03,D
sh603301,振德医疗,2025-10-17 13:10:07,67.04,4000,67.03,D
sh603301,振德医疗,2025-10-17 13:10:10,67.04,6900,67.04,U
sh603301,振德医疗,2025-10-17 13:10:49,67.05,5200,67.03,E
sh603301,振德医疗,2025-10-17 13:11:13,67.06,3400,67.06,U
sh603301,振德医疗,2025-10-17 13:12:22,67.01,8100,67.02,D
sh603301,振德医疗,2025-10-17 13:12:25,67.0,22600,67.01,D
sh603301,振德医疗,2025-10-17 13:12:31,66.96,3000,66.95,D
sh603301,振德医疗,2025-10-17 13:12:55,66.98,3700,66.96,U
sh603301,振德医疗,2025-10-17 13:15:07,66.97,10500,66.96,U
sh603301,振德医疗,2025-10-17 13:15:13,66.96,3400,66.97,D
sh603301,振德医疗,2025-10-17 13:15:19,66.97,6000,66.96,U
sh603301,振德医疗,2025-10-17 13:16:52,66.95,4700,66.95,D
sh603301,振德医疗,2025-10-17 13:17:37,66.95,4000,66.95,D
sh603301,振德医疗,2025-10-17 13:17:43,66.94,8000,66.94,D
sh603301,振德医疗,2025-10-17 13:17:46,66.94,4600,66.94,D
sh603301,振德医疗,2025-10-17 13:17:55,66.94,6200,66.94,D
sh603301,振德医疗,2025-10-17 13:18:07,66.93,3300,66.94,E
sh603301,振德医疗,2025-10-17 13:18:16,66.93,6500,66.92,U
sh603301,振德医疗,2025-10-17 13:18:19,66.93,3200,66.93,D
sh603301,振德医疗,2025-10-17 13:18:55,66.93,4500,66.93,U
sh603301,振德医疗,2025-10-17 13:19:10,66.9,18200,66.91,D
sh603301,振德医疗,2025-10-17 13:19:16,66.91,5200,66.9,U
sh603301,振德医疗,2025-10-17 13:19:22,66.9,6400,66.91,D
sh603301,振德医疗,2025-10-17 13:19:25,66.91,4300,66.9,U
sh603301,振德医疗,2025-10-17 13:19:46,66.93,4000,66.91,U
sh603301,振德医疗,2025-10-17 13:19:49,66.95,4880,66.93,U
sh603301,振德医疗,2025-10-17 13:19:55,66.99,7200,66.96,U
sh603301,振德医疗,2025-10-17 13:20:01,67.0,3000,67.0,U
sh603301,振德医疗,2025-10-17 13:20:49,67.03,6900,66.99,U
sh603301,振德医疗,2025-10-17 13:20:58,67.05,6400,67.03,U
sh603301,振德医疗,2025-10-17 13:21:01,67.03,5500,67.05,D
sh603301,振德医疗,2025-10-17 13:21:04,67.02,12100,67.03,D
sh603301,振德医疗,2025-10-17 13:21:37,67.11,8100,67.1,U
sh603301,振德医疗,2025-10-17 13:24:31,67.05,3400,67.06,D
sh603301,振德医疗,2025-10-17 13:24:43,67.05,8700,67.06,D
sh603301,振德医疗,2025-10-17 13:24:46,67.06,3800,67.05,U
sh603301,振德医疗,2025-10-17 13:26:16,67.0,3300,67.0,D
sh603301,振德医疗,2025-10-17 13:26:19,67.0,3400,67.0,D
sh603301,振德医疗,2025-10-17 13:27:07,66.93,4000,66.94,D
sh603301,振德医疗,2025-10-17 13:27:28,66.92,4100,66.93,D
sh603301,振德医疗,2025-10-17 13:27:31,66.92,3700,66.92,D
sh603301,振德医疗,2025-10-17 13:27:37,66.93,5474,66.92,U
sh603301,振德医疗,2025-10-17 13:27:49,66.92,6026,66.93,D
sh603301,振德医疗,2025-10-17 13:29:25,66.96,12500,66.95,U
sh603301,振德医疗,2025-10-17 13:29:28,66.95,9100,66.96,D
sh603301,振德医疗,2025-10-17 13:29:31,66.96,4900,66.95,U
sh603301,振德医疗,2025-10-17 13:29:34,66.96,11500,66.96,U
sh603301,振德医疗,2025-10-17 13:29:49,66.96,4500,66.96,U
sh603301,振德医疗,2025-10-17 13:30:01,66.98,3700,66.97,U
sh603301,振德医疗,2025-10-17 13:30:13,67.0,4200,67.0,U
sh603301,振德医疗,2025-10-17 13:30:19,67.01,5000,67.0,U
sh603301,振德医疗,2025-10-17 13:30:22,67.05,3200,67.01,U
sh603301,振德医疗,2025-10-17 13:30:40,67.04,9400,67.05,U
sh603301,振德医疗,2025-10-17 13:30:49,66.97,5800,67.0,D
sh603301,振德医疗,2025-10-17 13:30:52,66.96,5700,66.97,D
sh603301,振德医疗,2025-10-17 13:30:55,66.95,3900,66.96,D
sh603301,振德医疗,2025-10-17 13:31:49,66.94,3600,66.94,U
sh603301,振德医疗,2025-10-17 13:31:52,66.94,3300,66.94,U
sh603301,振德医疗,2025-10-17 13:32:13,66.93,3300,66.92,U
sh603301,振德医疗,2025-10-17 13:32:22,66.92,16200,66.92,D
sh603301,振德医疗,2025-10-17 13:32:46,66.9,12600,66.9,D
sh603301,振德医疗,2025-10-17 13:33:10,66.92,7400,66.91,D
sh603301,振德医疗,2025-10-17 13:33:34,66.9,13700,66.91,D
sh603301,振德医疗,2025-10-17 13:33:52,66.91,3000,66.91,U
sh603301,振德医疗,2025-10-17 13:34:10,66.97,6300,66.92,U
sh603301,振德医疗,2025-10-17 13:34:46,67.05,5900,66.99,U
sh603301,振德医疗,2025-10-17 13:35:07,67.0,8200,67.0,D
sh603301,振德医疗,2025-10-17 13:35:28,67.0,8200,67.0,D
sh603301,振德医疗,2025-10-17 13:35:34,67.04,4000,67.04,U
sh603301,振德医疗,2025-10-17 13:36:46,67.03,3000,67.05,D
sh603301,振德医疗,2025-10-17 13:36:52,67.0,3700,67.02,D
sh603301,振德医疗,2025-10-17 13:37:37,66.98,7800,66.93,U
sh603301,振德医疗,2025-10-17 13:37:46,67.06,6500,66.96,U
sh603301,振德医疗,2025-10-17 13:37:52,67.18,4400,67.14,U
sh603301,振德医疗,2025-10-17 13:37:55,67.29,29100,67.18,U
sh603301,振德医疗,2025-10-17 13:38:10,67.27,8300,67.19,U
sh603301,振德医疗,2025-10-17 13:38:22,67.28,12100,67.17,U
sh603301,振德医疗,2025-10-17 13:38:31,67.35,3000,67.32,U
sh603301,振德医疗,2025-10-17 13:38:34,67.36,3600,67.35,U
sh603301,振德医疗,2025-10-17 13:38:37,67.39,10800,67.36,U
sh603301,振德医疗,2025-10-17 13:38:49,67.47,3500,67.44,U
sh603301,振德医疗,2025-10-17 13:38:55,67.46,8200,67.47,D
sh603301,振德医疗,2025-10-17 13:39:07,67.52,3400,67.52,U
sh603301,振德医疗,2025-10-17 13:39:10,67.54,14000,67.52,U
sh603301,振德医疗,2025-10-17 13:39:13,67.58,12900,67.54,U
sh603301,振德医疗,2025-10-17 13:39:16,67.6,10700,67.58,U
sh603301,振德医疗,2025-10-17 13:39:19,67.66,10800,67.6,U
sh603301,振德医疗,2025-10-17 13:39:22,67.7,6500,67.66,U
sh603301,振德医疗,2025-10-17 13:39:28,67.78,5300,67.73,U
sh603301,振德医疗,2025-10-17 13:39:31,67.79,6200,67.78,U
sh603301,振德医疗,2025-10-17 13:39:34,67.8,12100,67.79,U
sh603301,振德医疗,2025-10-17 13:39:37,67.8,4600,67.8,D
sh603301,振德医疗,2025-10-17 13:39:40,67.86,5200,67.8,U
sh603301,振德医疗,2025-10-17 13:39:43,67.87,5300,67.86,U
sh603301,振德医疗,2025-10-17 13:39:46,67.88,6300,67.87,U
sh603301,振德医疗,2025-10-17 13:39:49,67.92,12300,67.88,U
sh603301,振德医疗,2025-10-17 13:39:55,67.93,14600,67.91,D
sh603301,振德医疗,2025-10-17 13:39:58,67.96,8500,67.93,U
sh603301,振德医疗,2025-10-17 13:40:04,67.99,14100,67.99,U
sh603301,振德医疗,2025-10-17 13:40:07,67.99,9500,67.99,D
sh603301,振德医疗,2025-10-17 13:40:10,67.98,15200,67.99,D
sh603301,振德医疗,2025-10-17 13:40:13,67.98,7900,67.98,U
sh603301,振德医疗,2025-10-17 13:40:16,67.97,8000,67.98,E
sh603301,振德医疗,2025-10-17 13:40:19,67.96,15400,67.97,D
sh603301,振德医疗,2025-10-17 13:40:22,67.96,3300,67.96,D
sh603301,振德医疗,2025-10-17 13:40:28,67.96,5000,67.94,U
sh603301,振德医疗,2025-10-17 13:40:31,67.92,11500,67.96,U
sh603301,振德医疗,2025-10-17 13:40:37,67.94,4200,67.93,U
sh603301,振德医疗,2025-10-17 13:40:46,67.94,9700,67.94,U
sh603301,振德医疗,2025-10-17 13:40:49,67.93,3800,67.94,D
sh603301,振德医疗,2025-10-17 13:40:52,67.85,10600,67.93,D
sh603301,振德医疗,2025-10-17 13:40:55,67.84,3600,67.85,D
sh603301,振德医疗,2025-10-17 13:41:10,67.76,12000,67.81,D
sh603301,振德医疗,2025-10-17 13:41:13,67.78,3000,67.76,U
sh603301,振德医疗,2025-10-17 13:41:16,67.78,8000,67.78,D
sh603301,振德医疗,2025-10-17 13:41:31,67.77,3900,67.77,U
sh603301,振德医疗,2025-10-17 13:41:34,67.75,5600,67.77,D
sh603301,振德医疗,2025-10-17 13:42:07,67.68,3500,67.68,U
sh603301,振德医疗,2025-10-17 13:42:10,67.67,3000,67.68,E
sh603301,振德医疗,2025-10-17 13:42:13,67.67,4200,67.67,U
sh603301,振德医疗,2025-10-17 13:42:19,67.66,3000,67.67,D
sh603301,振德医疗,2025-10-17 13:43:07,67.59,5200,67.6,E
sh603301,振德医疗,2025-10-17 13:43:16,67.58,3800,67.58,D
sh603301,振德医疗,2025-10-17 13:43:19,67.58,7100,67.58,D
sh603301,振德医疗,2025-10-17 13:43:22,67.54,3400,67.58,D
sh603301,振德医疗,2025-10-17 13:43:37,67.5,3200,67.5,U
sh603301,振德医疗,2025-10-17 13:44:25,67.55,7500,67.53,U
sh603301,振德医疗,2025-10-17 13:44:31,67.55,3200,67.54,U
sh603301,振德医疗,2025-10-17 13:44:34,67.6,4800,67.55,U
sh603301,振德医疗,2025-10-17 13:44:37,67.6,10100,67.6,U
sh603301,振德医疗,2025-10-17 13:44:43,67.6,3000,67.6,U
sh603301,振德医疗,2025-10-17 13:44:58,67.65,3700,67.65,U
sh603301,振德医疗,2025-10-17 13:45:01,67.67,11700,67.65,U
sh603301,振德医疗,2025-10-17 13:45:07,67.69,3759,67.67,U
sh603301,振德医疗,2025-10-17 13:45:10,67.58,32241,67.69,D
sh603301,振德医疗,2025-10-17 13:45:13,67.58,3200,67.58,U
sh603301,振德医疗,2025-10-17 13:45:19,67.67,6200,67.57,U
sh603301,振德医疗,2025-10-17 13:45:22,67.5,4300,67.67,D
sh603301,振德医疗,2025-10-17 13:46:04,67.52,5300,67.59,D
sh603301,振德医疗,2025-10-17 13:46:28,67.5,3200,67.6,D
sh603301,振德医疗,2025-10-17 13:46:31,67.54,5500,67.5,U
sh603301,振德医疗,2025-10-17 13:47:04,67.62,5400,67.6,U
sh603301,振德医疗,2025-10-17 13:47:43,67.75,3500,67.75,U
sh603301,振德医疗,2025-10-17 13:47:52,67.77,3600,67.76,U
sh603301,振德医疗,2025-10-17 13:47:55,67.77,4200,67.77,U
sh603301,振德医疗,2025-10-17 13:47:58,67.76,4100,67.77,D
sh603301,振德医疗,2025-10-17 13:48:01,67.77,3100,67.76,U
sh603301,振德医疗,2025-10-17 13:48:04,67.77,9000,67.77,U
sh603301,振德医疗,2025-10-17 13:48:07,67.79,3200,67.77,U
sh603301,振德医疗,2025-10-17 13:48:16,67.8,4100,67.79,U
sh603301,振德医疗,2025-10-17 13:48:19,67.8,3500,67.8,U
sh603301,振德医疗,2025-10-17 13:48:22,67.8,4500,67.8,U
sh603301,振德医疗,2025-10-17 13:48:25,67.81,4659,67.8,U
sh603301,振德医疗,2025-10-17 13:48:34,67.9,6200,67.81,U
sh603301,振德医疗,2025-10-17 13:48:55,67.89,7985,67.9,D
sh603301,振德医疗,2025-10-17 13:49:01,67.92,4085,67.89,U
sh603301,振德医疗,2025-10-17 13:49:04,67.93,11900,67.92,U
sh603301,振德医疗,2025-10-17 13:49:07,67.91,9200,67.93,D
sh603301,振德医疗,2025-10-17 13:49:10,67.94,5700,67.91,U
sh603301,振德医疗,2025-10-17 13:49:19,67.96,5400,67.95,U
sh603301,振德医疗,2025-10-17 13:49:22,67.96,14500,67.96,U
sh603301,振德医疗,2025-10-17 13:49:31,67.96,19500,67.99,D
sh603301,振德医疗,2025-10-17 13:49:34,67.99,13100,67.96,U
sh603301,振德医疗,2025-10-17 13:49:43,68.0,9300,68.0,U
sh603301,振德医疗,2025-10-17 13:49:46,68.0,22500,68.0,U
sh603301,振德医疗,2025-10-17 13:49:49,67.99,10200,68.0,D
sh603301,振德医疗,2025-10-17 13:49:52,68.0,5300,67.99,U
sh603301,振德医疗,2025-10-17 13:49:58,68.03,4100,68.03,U
sh603301,振德医疗,2025-10-17 13:50:04,68.03,12400,68.05,D
sh603301,振德医疗,2025-10-17 13:50:10,68.19,3700,68.19,U
sh603301,振德医疗,2025-10-17 13:50:13,68.2,3800,68.19,U
sh603301,振德医疗,2025-10-17 13:50:16,68.22,3000,68.2,U
sh603301,振德医疗,2025-10-17 13:50:19,68.2,4600,68.22,D
sh603301,振德医疗,2025-10-17 13:50:22,68.15,13200,68.2,D
sh603301,振德医疗,2025-10-17 13:50:25,68.18,9100,68.15,U
sh603301,振德医疗,2025-10-17 13:50:28,68.08,4100,68.18,E
sh603301,振德医疗,2025-10-17 13:50:31,68.06,9700,68.08,D
sh603301,振德医疗,2025-10-17 13:50:43,68.16,3300,68.15,U
sh603301,振德医疗,2025-10-17 13:50:49,68.17,3500,68.16,U
sh603301,振德医疗,2025-10-17 13:50:52,68.17,5900,68.17,U
sh603301,振德医疗,2025-10-17 13:51:01,68.19,4200,68.19,U
sh603301,振德医疗,2025-10-17 13:51:04,68.19,7500,68.19,U
sh603301,振德医疗,2025-10-17 13:51:07,68.2,8400,68.19,U
sh603301,振德医疗,2025-10-17 13:51:13,68.2,5200,68.2,U
sh603301,振德医疗,2025-10-17 13:51:16,68.2,12600,68.2,U
sh603301,振德医疗,2025-10-17 13:51:19,68.17,16700,68.2,D
sh603301,振德医疗,2025-10-17 13:51:22,68.14,4400,68.17,D
sh603301,振德医疗,2025-10-17 13:51:34,68.14,8800,68.13,U
sh603301,振德医疗,2025-10-17 13:51:40,68.06,6100,68.08,D
sh603301,振德医疗,2025-10-17 13:51:46,68.03,4600,68.06,D
sh603301,振德医疗,2025-10-17 13:51:55,67.99,11800,68.0,D
sh603301,振德医疗,2025-10-17 13:51:58,68.03,4000,67.99,U
sh603301,振德医疗,2025-10-17 13:52:04,67.86,3700,67.96,D
sh603301,振德医疗,2025-10-17 13:52:07,67.96,3000,67.86,U
sh603301,振德医疗,2025-10-17 13:52:25,67.94,3100,67.94,D
sh603301,振德医疗,2025-10-17 13:52:37,67.94,5700,67.96,D
sh603301,振德医疗,2025-10-17 13:52:52,67.9,7100,67.9,D
sh603301,振德医疗,2025-10-17 13:52:55,67.9,4200,67.9,D
sh603301,振德医疗,2025-10-17 13:52:58,67.95,3400,67.9,U
sh603301,振德医疗,2025-10-17 13:53:31,67.84,13400,67.91,D
sh603301,振德医疗,2025-10-17 13:53:34,67.9,5300,67.84,U
sh603301,振德医疗,2025-10-17 13:54:46,67.98,6600,67.95,U
sh603301,振德医疗,2025-10-17 13:54:49,67.99,6800,67.98,U
sh603301,振德医疗,2025-10-17 13:55:49,67.98,3000,67.98,U
sh603301,振德医疗,2025-10-17 13:55:55,68.0,51800,67.98,U
sh603301,振德医疗,2025-10-17 13:55:58,68.01,3000,68.0,U
sh603301,振德医疗,2025-10-17 13:56:01,68.03,3900,68.01,U
sh603301,振德医疗,2025-10-17 13:57:13,68.14,4100,68.13,U
sh603301,振德医疗,2025-10-17 13:57:22,68.14,3500,68.14,U
sh603301,振德医疗,2025-10-17 13:57:37,68.14,10000,68.14,U
sh603301,振德医疗,2025-10-17 13:58:10,68.07,7100,68.07,U
sh603301,振德医疗,2025-10-17 13:58:34,68.11,6800,68.11,U
sh603301,振德医疗,2025-10-17 13:59:31,68.07,6100,68.1,D
sh603301,振德医疗,2025-10-17 13:59:34,68.02,16200,68.07,D
sh603301,振德医疗,2025-10-17 13:59:37,68.02,6800,68.02,D
sh603301,振德医疗,2025-10-17 13:59:43,68.06,3900,68.02,U
sh603301,振德医疗,2025-10-17 14:00:04,68.02,4500,68.05,D
sh603301,振德医疗,2025-10-17 14:00:28,67.99,3300,67.99,U
sh603301,振德医疗,2025-10-17 14:01:04,67.8,10800,67.88,D
sh603301,振德医疗,2025-10-17 14:01:46,67.8,7600,67.82,D
sh603301,振德医疗,2025-10-17 14:02:58,67.75,3202,67.7,U
sh603301,振德医疗,2025-10-17 14:03:16,67.78,3200,67.79,D
sh603301,振德医疗,2025-10-17 14:04:49,67.7,7700,67.7,D
sh603301,振德医疗,2025-10-17 14:06:25,67.8,5500,67.8,U
sh603301,振德医疗,2025-10-17 14:06:43,68.0,3900,68.0,U
sh603301,振德医疗,2025-10-17 14:06:58,67.97,4400,68.02,D
sh603301,振德医疗,2025-10-17 14:07:58,67.86,4900,67.94,D
sh603301,振德医疗,2025-10-17 14:09:16,67.93,3800,67.93,U
sh603301,振德医疗,2025-10-17 14:11:10,67.94,3900,67.95,D
sh603301,振德医疗,2025-10-17 14:12:16,67.96,9281,67.93,U
sh603301,振德医疗,2025-10-17 14:12:19,68.0,7100,67.96,U
sh603301,振德医疗,2025-10-17 14:12:58,68.0,7900,68.0,U
sh603301,振德医疗,2025-10-17 14:13:07,68.0,5800,68.0,U
sh603301,振德医疗,2025-10-17 14:14:55,67.97,3800,67.98,D
sh603301,振德医疗,2025-10-17 14:15:28,67.96,5200,67.95,U
sh603301,振德医疗,2025-10-17 14:15:49,67.94,3800,67.94,U
sh603301,振德医疗,2025-10-17 14:15:52,67.95,3100,67.94,U
sh603301,振德医疗,2025-10-17 14:16:37,67.92,3400,67.93,D
sh603301,振德医疗,2025-10-17 14:16:46,67.92,4100,67.94,D
sh603301,振德医疗,2025-10-17 14:17:22,67.94,3800,67.93,U
sh603301,振德医疗,2025-10-17 14:18:10,67.93,3400,67.93,U
sh603301,振德医疗,2025-10-17 14:18:13,67.93,4700,67.93,U
sh603301,振德医疗,2025-10-17 14:18:16,67.92,4500,67.93,D
sh603301,振德医疗,2025-10-17 14:19:28,67.91,5200,67.91,D
sh603301,振德医疗,2025-10-17 14:19:34,67.91,4600,67.91,D
sh603301,振德医疗,2025-10-17 14:19:40,67.92,3500,67.91,U
sh603301,振德医疗,2025-10-17 14:19:43,67.9,6800,67.92,D
sh603301,振德医疗,2025-10-17 14:19:46,67.9,5000,67.9,D
sh603301,振德医疗,2025-10-17 14:19:55,67.9,4400,67.9,D
sh603301,振德医疗,2025-10-17 14:19:58,67.89,4300,67.9,D
sh603301,振德医疗,2025-10-17 14:20:07,67.89,3000,67.89,D
sh603301,振德医疗,2025-10-17 14:20:13,67.89,5500,67.89,D
sh603301,振德医疗,2025-10-17 14:20:19,67.85,17600,67.88,D
sh603301,振德医疗,2025-10-17 14:21:13,67.71,3400,67.72,D
sh603301,振德医疗,2025-10-17 14:21:22,67.73,7000,67.73,U
sh603301,振德医疗,2025-10-17 14:22:37,67.74,3100,67.75,D
sh603301,振德医疗,2025-10-17 14:23:10,67.78,3000,67.73,U
sh603301,振德医疗,2025-10-17 14:25:34,67.78,10000,67.79,D
sh603301,振德医疗,2025-10-17 14:25:40,67.78,5000,67.79,D
sh603301,振德医疗,2025-10-17 14:25:46,67.78,13200,67.78,D
sh603301,振德医疗,2025-10-17 14:26:01,67.82,8000,67.79,U
sh603301,振德医疗,2025-10-17 14:27:01,67.9,4800,67.9,U
sh603301,振德医疗,2025-10-17 14:27:52,67.96,3500,67.96,U
sh603301,振德医疗,2025-10-17 14:28:01,67.94,4700,67.95,D
sh603301,振德医疗,2025-10-17 14:28:52,67.95,4200,67.95,U
sh603301,振德医疗,2025-10-17 14:29:46,67.97,5200,67.98,D
sh603301,振德医疗,2025-10-17 14:30:01,67.98,4000,67.98,U
sh603301,振德医疗,2025-10-17 14:30:10,68.0,37700,67.98,U
sh603301,振德医疗,2025-10-17 14:30:13,68.05,9000,68.0,U
sh603301,振德医疗,2025-10-17 14:30:28,68.09,3000,68.08,U
sh603301,振德医疗,2025-10-17 14:30:37,68.1,3200,68.1,U
sh603301,振德医疗,2025-10-17 14:30:40,68.1,6200,68.1,U
sh603301,振德医疗,2025-10-17 14:30:43,68.1,9500,68.1,U
sh603301,振德医疗,2025-10-17 14:30:46,68.09,13200,68.1,D
sh603301,振德医疗,2025-10-17 14:30:49,68.11,3100,68.09,U
sh603301,振德医疗,2025-10-17 14:30:55,68.11,5200,68.1,U
sh603301,振德医疗,2025-10-17 14:31:01,68.13,9900,68.11,U
sh603301,振德医疗,2025-10-17 14:31:07,68.13,6300,68.13,U
sh603301,振德医疗,2025-10-17 14:31:10,68.13,3900,68.13,U
sh603301,振德医疗,2025-10-17 14:31:16,68.14,3000,68.13,U
sh603301,振德医疗,2025-10-17 14:31:19,68.15,6000,68.14,U
sh603301,振德医疗,2025-10-17 14:31:22,68.15,7500,68.15,U
sh603301,振德医疗,2025-10-17 14:31:28,68.14,3700,68.14,D
sh603301,振德医疗,2025-10-17 14:31:31,68.15,3000,68.14,U
sh603301,振德医疗,2025-10-17 14:31:49,68.22,74900,68.18,U
sh603301,振德医疗,2025-10-17 14:31:52,68.29,50300,68.22,U
sh603301,振德医疗,2025-10-17 14:31:55,68.29,13400,68.29,D
sh603301,振德医疗,2025-10-17 14:31:58,68.34,3100,68.29,U
sh603301,振德医疗,2025-10-17 14:32:04,68.38,3700,68.38,U
sh603301,振德医疗,2025-10-17 14:32:13,68.48,5000,68.44,U
sh603301,振德医疗,2025-10-17 14:32:16,68.5,4200,68.48,U
sh603301,振德医疗,2025-10-17 14:32:19,68.5,8400,68.5,U
sh603301,振德医疗,2025-10-17 14:32:22,68.5,23600,68.5,U
sh603301,振德医疗,2025-10-17 14:32:25,68.5,13500,68.5,U
sh603301,振德医疗,2025-10-17 14:32:28,68.53,17000,68.5,U
sh603301,振德医疗,2025-10-17 14:32:31,68.5,6100,68.53,D
sh603301,振德医疗,2025-10-17 14:32:34,68.5,4800,68.5,D
sh603301,振德医疗,2025-10-17 14:32:40,68.5,4000,68.52,D
sh603301,振德医疗,2025-10-17 14:32:43,68.53,9700,68.5,U
sh603301,振德医疗,2025-10-17 14:32:46,68.53,8300,68.53,U
sh603301,振德医疗,2025-10-17 14:32:49,68.53,4500,68.53,D
sh603301,振德医疗,2025-10-17 14:32:55,68.55,3000,68.54,U
sh603301,振德医疗,2025-10-17 14:33:04,68.57,14100,68.58,E
sh603301,振德医疗,2025-10-17 14:33:10,68.57,18900,68.55,U
sh603301,振德医疗,2025-10-17 14:33:16,68.54,9200,68.55,D
sh603301,振德医疗,2025-10-17 14:33:19,68.53,11100,68.54,D
sh603301,振德医疗,2025-10-17 14:33:22,68.4,6600,68.53,D
sh603301,振德医疗,2025-10-17 14:33:25,68.38,6100,68.4,D
sh603301,振德医疗,2025-10-17 14:33:28,68.38,3300,68.38,D
sh603301,振德医疗,2025-10-17 14:33:31,68.35,3400,68.38,D
sh603301,振德医疗,2025-10-17 14:33:46,68.28,3300,68.29,E
sh603301,振德医疗,2025-10-17 14:33:49,68.3,3000,68.28,U
sh603301,振德医疗,2025-10-17 14:34:19,68.3,8900,68.3,U
sh603301,振德医疗,2025-10-17 14:34:34,68.36,4400,68.3,U
sh603301,振德医疗,2025-10-17 14:34:43,68.37,3400,68.36,U
sh603301,振德医疗,2025-10-17 14:34:52,68.37,3300,68.38,D
sh603301,振德医疗,2025-10-17 14:34:55,68.37,3500,68.37,U
sh603301,振德医疗,2025-10-17 14:35:13,68.3,5300,68.36,D
sh603301,振德医疗,2025-10-17 14:35:25,68.36,57400,68.3,U
sh603301,振德医疗,2025-10-17 14:35:46,68.3,3100,68.34,D
sh603301,振德医疗,2025-10-17 14:36:01,68.29,15600,68.3,D
sh603301,振德医疗,2025-10-17 14:36:04,68.29,29600,68.29,D
sh603301,振德医疗,2025-10-17 14:36:07,68.29,4800,68.29,D
sh603301,振德医疗,2025-10-17 14:36:13,68.28,18900,68.29,D
sh603301,振德医疗,2025-10-17 14:36:25,68.29,24300,68.28,U
sh603301,振德医疗,2025-10-17 14:36:49,68.3,7600,68.3,U
sh603301,振德医疗,2025-10-17 14:37:10,68.3,41100,68.28,U
sh603301,振德医疗,2025-10-17 14:37:19,68.3,26900,68.26,U
sh603301,振德医疗,2025-10-17 14:37:22,68.27,4100,68.3,D
sh603301,振德医疗,2025-10-17 14:37:37,68.28,6900,68.27,U
sh603301,振德医疗,2025-10-17 14:38:13,68.25,6700,68.28,D
sh603301,振德医疗,2025-10-17 14:38:40,68.1,3400,68.1,D
sh603301,振德医疗,2025-10-17 14:38:58,68.0,4600,68.01,D
sh603301,振德医疗,2025-10-17 14:39:01,68.0,3000,68.0,D
sh603301,振德医疗,2025-10-17 14:39:13,68.0,4800,68.0,U
sh603301,振德医疗,2025-10-17 14:40:16,68.02,4800,68.0,U
sh603301,振德医疗,2025-10-17 14:40:25,68.0,12700,68.02,D
sh603301,振德医疗,2025-10-17 14:40:40,68.01,3100,68.02,D
sh603301,振德医疗,2025-10-17 14:40:43,68.0,3800,68.01,D
sh603301,振德医疗,2025-10-17 14:40:46,68.0,4500,68.0,D
sh603301,振德医疗,2025-10-17 14:40:49,67.95,9200,68.0,D
sh603301,振德医疗,2025-10-17 14:41:31,67.95,5800,67.95,U
sh603301,振德医疗,2025-10-17 14:41:37,67.92,5800,67.94,E
sh603301,振德医疗,2025-10-17 14:41:46,67.89,13600,67.89,D
sh603301,振德医疗,2025-10-17 14:41:49,67.92,5000,67.89,U
sh603301,振德医疗,2025-10-17 14:41:52,67.89,8900,67.92,D
sh603301,振德医疗,2025-10-17 14:41:55,67.89,5200,67.89,D
sh603301,振德医疗,2025-10-17 14:42:04,67.91,6800,67.89,U
sh603301,振德医疗,2025-10-17 14:42:10,67.91,5700,67.89,U
sh603301,振德医疗,2025-10-17 14:42:13,67.91,5440,67.91,U
sh603301,振德医疗,2025-10-17 14:42:28,67.86,3300,67.86,U
sh603301,振德医疗,2025-10-17 14:42:58,67.83,3800,67.83,D
sh603301,振德医疗,2025-10-17 14:43:01,67.83,3500,67.83,U
sh603301,振德医疗,2025-10-17 14:43:07,67.83,3900,67.83,D
sh603301,振德医疗,2025-10-17 14:43:10,67.88,5400,67.83,U
sh603301,振德医疗,2025-10-17 14:43:58,67.91,5600,67.92,D
sh603301,振德医疗,2025-10-17 14:44:04,67.91,7800,67.92,D
sh603301,振德医疗,2025-10-17 14:44:07,67.94,3600,67.91,U
sh603301,振德医疗,2025-10-17 14:44:16,67.94,6000,67.94,U
sh603301,振德医疗,2025-10-17 14:44:19,67.93,4400,67.94,E
sh603301,振德医疗,2025-10-17 14:44:25,67.93,3500,67.93,U
sh603301,振德医疗,2025-10-17 14:44:28,67.95,8200,67.93,U
sh603301,振德医疗,2025-10-17 14:44:31,68.0,5700,67.95,U
sh603301,振德医疗,2025-10-17 14:44:34,68.02,3900,68.0,U
sh603301,振德医疗,2025-10-17 14:44:40,68.03,7100,68.01,U
sh603301,振德医疗,2025-10-17 14:44:52,68.12,9800,68.08,U
sh603301,振德医疗,2025-10-17 14:44:58,68.09,3400,68.09,E
sh603301,振德医疗,2025-10-17 14:45:01,68.1,3300,68.09,U
sh603301,振德医疗,2025-10-17 14:45:07,68.12,5700,68.1,U
sh603301,振德医疗,2025-10-17 14:45:16,68.05,4200,68.04,U
sh603301,振德医疗,2025-10-17 14:45:19,68.0,3400,68.05,D
sh603301,振德医疗,2025-10-17 14:45:31,67.89,5800,67.94,D
sh603301,振德医疗,2025-10-17 14:45:43,67.88,6800,67.88,D
sh603301,振德医疗,2025-10-17 14:45:46,67.88,4900,67.88,U
sh603301,振德医疗,2025-10-17 14:45:49,67.88,3400,67.88,U
sh603301,振德医疗,2025-10-17 14:45:52,67.89,5800,67.88,U
sh603301,振德医疗,2025-10-17 14:46:04,67.88,4700,67.88,D
sh603301,振德医疗,2025-10-17 14:46:10,67.91,5000,67.88,U
sh603301,振德医疗,2025-10-17 14:46:13,67.87,5100,67.91,D
sh603301,振德医疗,2025-10-17 14:46:16,67.86,4700,67.87,D
sh603301,振德医疗,2025-10-17 14:46:22,67.85,3000,67.88,D
sh603301,振德医疗,2025-10-17 14:46:25,67.85,4300,67.85,U
sh603301,振德医疗,2025-10-17 14:46:28,67.85,6000,67.85,U
sh603301,振德医疗,2025-10-17 14:46:34,67.85,8600,67.85,U
sh603301,振德医疗,2025-10-17 14:46:37,67.85,4000,67.85,D
sh603301,振德医疗,2025-10-17 14:46:40,67.88,7100,67.85,U
sh603301,振德医疗,2025-10-17 14:46:43,67.85,5200,67.88,D
sh603301,振德医疗,2025-10-17 14:46:49,67.88,3300,67.89,D
sh603301,振德医疗,2025-10-17 14:46:55,67.88,4600,67.88,U
sh603301,振德医疗,2025-10-17 14:47:10,67.86,5500,67.86,D
sh603301,振德医疗,2025-10-17 14:47:13,67.89,6900,67.86,U
sh603301,振德医疗,2025-10-17 14:47:28,67.86,3200,67.88,D
sh603301,振德医疗,2025-10-17 14:47:37,67.86,6800,67.86,U
sh603301,振德医疗,2025-10-17 14:47:40,67.87,3400,67.86,U
sh603301,振德医疗,2025-10-17 14:48:13,67.88,12500,67.88,U
sh603301,振德医疗,2025-10-17 14:48:25,67.88,6800,67.89,D
sh603301,振德医疗,2025-10-17 14:48:31,67.89,7400,67.89,U
sh603301,振德医疗,2025-10-17 14:48:37,67.87,3000,67.88,D
sh603301,振德医疗,2025-10-17 14:48:40,67.87,3100,67.87,U
sh603301,振德医疗,2025-10-17 14:48:43,67.85,15900,67.87,D
sh603301,振德医疗,2025-10-17 14:48:46,67.85,15400,67.85,D
sh603301,振德医疗,2025-10-17 14:48:49,67.85,4900,67.85,U
sh603301,振德医疗,2025-10-17 14:48:52,67.85,3800,67.85,U
sh603301,振德医疗,2025-10-17 14:48:55,67.83,3800,67.85,D
sh603301,振德医疗,2025-10-17 14:49:04,67.81,8800,67.83,D
sh603301,振德医疗,2025-10-17 14:49:13,67.8,5800,67.78,U
sh603301,振德医疗,2025-10-17 14:49:16,67.77,6700,67.8,D
sh603301,振德医疗,2025-10-17 14:49:22,67.75,7000,67.77,D
sh603301,振德医疗,2025-10-17 14:49:43,67.6,12600,67.68,D
sh603301,振德医疗,2025-10-17 14:50:04,67.5,4400,67.5,D
sh603301,振德医疗,2025-10-17 14:50:07,67.49,8100,67.5,D
sh603301,振德医疗,2025-10-17 14:50:16,67.3,9800,67.43,D
sh603301,振德医疗,2025-10-17 14:50:19,67.28,6100,67.3,D
sh603301,振德医疗,2025-10-17 14:50:22,67.3,13300,67.28,U
sh603301,振德医疗,2025-10-17 14:50:25,67.28,6600,67.3,D
sh603301,振德医疗,2025-10-17 14:50:37,67.25,12200,67.28,D
sh603301,振德医疗,2025-10-17 14:50:43,67.16,7200,67.16,D
sh603301,振德医疗,2025-10-17 14:50:55,67.17,24700,67.16,U
sh603301,振德医疗,2025-10-17 14:50:58,67.17,3300,67.17,D
sh603301,振德医疗,2025-10-17 14:51:01,67.17,10500,67.17,D
sh603301,振德医疗,2025-10-17 14:51:04,67.2,3500,67.17,E
sh603301,振德医疗,2025-10-17 14:51:10,67.25,10700,67.22,U
sh603301,振德医疗,2025-10-17 14:51:13,67.23,3100,67.25,E
sh603301,振德医疗,2025-10-17 14:51:16,67.28,18900,67.23,U
sh603301,振德医疗,2025-10-17 14:51:22,67.29,4900,67.3,D
sh603301,振德医疗,2025-10-17 14:51:46,67.5,7500,67.5,D
sh603301,振德医疗,2025-10-17 14:52:10,67.67,5400,67.67,D
sh603301,振德医疗,2025-10-17 14:52:16,67.67,4600,67.69,D
sh603301,振德医疗,2025-10-17 14:52:19,67.66,7300,67.67,U
sh603301,振德医疗,2025-10-17 14:52:22,67.68,15000,67.66,U
sh603301,振德医疗,2025-10-17 14:52:25,67.6,3800,67.68,D
sh603301,振德医疗,2025-10-17 14:52:28,67.6,3000,67.6,D
sh603301,振德医疗,2025-10-17 14:52:31,67.6,4400,67.6,D
sh603301,振德医疗,2025-10-17 14:52:34,67.6,5200,67.6,D
sh603301,振德医疗,2025-10-17 14:52:37,67.6,4700,67.6,U
sh603301,振德医疗,2025-10-17 14:52:40,67.6,15700,67.6,U
sh603301,振德医疗,2025-10-17 14:52:43,67.6,4700,67.6,D
sh603301,振德医疗,2025-10-17 14:52:55,67.58,3200,67.61,D
sh603301,振德医疗,2025-10-17 14:53:01,67.6,5900,67.58,U
sh603301,振德医疗,2025-10-17 14:53:07,67.61,5200,67.6,U
sh603301,振德医疗,2025-10-17 14:53:10,67.6,5200,67.61,D
sh603301,振德医疗,2025-10-17 14:53:13,67.6,5000,67.6,U
sh603301,振德医疗,2025-10-17 14:53:16,67.6,5900,67.6,U
sh603301,振德医疗,2025-10-17 14:53:19,67.6,10500,67.6,D
sh603301,振德医疗,2025-10-17 14:53:22,67.65,3900,67.6,U
sh603301,振德医疗,2025-10-17 14:53:25,67.67,9400,67.65,U
sh603301,振德医疗,2025-10-17 14:53:28,67.68,7500,67.67,U
sh603301,振德医疗,2025-10-17 14:53:31,67.67,6600,67.68,D
sh603301,振德医疗,2025-10-17 14:53:34,67.77,7200,67.67,U
sh603301,振德医疗,2025-10-17 14:53:37,67.8,4400,67.77,U
sh603301,振德医疗,2025-10-17 14:53:46,67.81,10700,67.81,U
sh603301,振德医疗,2025-10-17 14:53:49,67.83,5700,67.81,U
sh603301,振德医疗,2025-10-17 14:54:19,67.95,3800,67.9,E
sh603301,振德医疗,2025-10-17 14:54:22,67.98,9200,67.95,U
sh603301,振德医疗,2025-10-17 14:54:25,67.97,4600,67.98,U
sh603301,振德医疗,2025-10-17 14:54:28,67.95,5800,67.97,U
sh603301,振德医疗,2025-10-17 14:54:31,67.95,11300,67.95,U
sh603301,振德医疗,2025-10-17 14:54:34,67.97,7300,67.95,U
sh603301,振德医疗,2025-10-17 14:54:40,67.97,6000,67.95,U
sh603301,振德医疗,2025-10-17 14:54:43,67.97,4100,67.97,D
sh603301,振德医疗,2025-10-17 14:54:46,67.97,7000,67.97,D
sh603301,振德医疗,2025-10-17 14:54:49,67.95,22000,67.97,D
sh603301,振德医疗,2025-10-17 14:54:52,67.93,7200,67.95,E
sh603301,振德医疗,2025-10-17 14:54:55,67.88,3700,67.93,D
sh603301,振德医疗,2025-10-17 14:54:58,67.86,4300,67.88,D
sh603301,振德医疗,2025-10-17 14:55:04,67.89,4000,67.86,U
sh603301,振德医疗,2025-10-17 14:55:13,67.87,4500,67.86,U
sh603301,振德医疗,2025-10-17 14:55:16,67.89,5900,67.87,U
sh603301,振德医疗,2025-10-17 14:55:25,67.9,3400,67.88,U
sh603301,振德医疗,2025-10-17 14:55:28,67.93,10000,67.9,U
sh603301,振德医疗,2025-10-17 14:55:31,67.92,3300,67.93,D
sh603301,振德医疗,2025-10-17 14:55:40,67.93,6500,67.92,U
sh603301,振德医疗,2025-10-17 14:55:43,67.93,11400,67.93,U
sh603301,振德医疗,2025-10-17 14:55:46,67.94,3700,67.93,U
sh603301,振德医疗,2025-10-17 14:55:52,67.95,4900,67.94,U
sh603301,振德医疗,2025-10-17 14:55:58,67.95,3500,67.95,U
sh603301,振德医疗,2025-10-17 14:56:01,67.95,8000,67.95,D
sh603301,振德医疗,2025-10-17 14:56:04,67.95,5400,67.95,D
sh603301,振德医疗,2025-10-17 14:56:07,67.97,15600,67.95,U
sh603301,振德医疗,2025-10-17 14:56:10,67.97,3000,67.97,D
sh603301,振德医疗,2025-10-17 14:56:13,67.98,8500,67.97,U
sh603301,振德医疗,2025-10-17 14:56:16,67.97,13000,67.98,D
sh603301,振德医疗,2025-10-17 14:56:19,67.95,15100,67.97,D
sh603301,振德医疗,2025-10-17 14:56:22,67.96,13800,67.95,U
sh603301,振德医疗,2025-10-17 14:56:25,67.92,11300,67.96,D
sh603301,振德医疗,2025-10-17 14:56:28,67.92,7400,67.92,U
sh603301,振德医疗,2025-10-17 14:56:31,67.91,20400,67.92,E
sh603301,振德医疗,2025-10-17 14:56:34,67.92,9800,67.91,U
sh603301,振德医疗,2025-10-17 14:56:37,67.92,3800,67.92,D
sh603301,振德医疗,2025-10-17 14:56:40,67.93,9000,67.92,U
sh603301,振德医疗,2025-10-17 14:56:43,67.93,9700,67.93,U
sh603301,振德医疗,2025-10-17 14:56:46,67.93,6800,67.93,U
sh603301,振德医疗,2025-10-17 14:56:49,67.91,14600,67.93,D
sh603301,振德医疗,2025-10-17 14:56:52,67.93,7400,67.91,U
sh603301,振德医疗,2025-10-17 14:56:55,67.95,3500,67.93,U
sh603301,振德医疗,2025-10-17 14:56:58,67.93,3100,67.95,D
sh603301,振德医疗,2025-10-17 14:57:01,67.93,7800,67.93,D
sh603301,振德医疗,2025-10-17 15:00:03,67.93,351200,67.93,U
