symbol,name,ticktime,price,volume,prev_price,kind
sh603301,振德医疗,2025-09-25 09:25:03,41.4,42700,0.0,U
sh603301,振德医疗,2025-09-25 09:30:04,41.15,11400,41.4,D
sh603301,振德医疗,2025-09-25 09:30:13,41.36,19000,41.35,U
sh603301,振德医疗,2025-09-25 09:30:16,41.15,13800,41.36,D
sh603301,振德医疗,2025-09-25 09:30:19,41.15,12300,41.15,D
sh603301,振德医疗,2025-09-25 09:30:22,41.4,9100,41.15,U
sh603301,振德医疗,2025-09-25 09:30:25,41.4,9300,41.4,U
sh603301,振德医疗,2025-09-25 09:30:28,41.33,6400,41.4,D
sh603301,振德医疗,2025-09-25 09:30:31,41.19,5000,41.33,D
sh603301,振德医疗,2025-09-25 09:30:34,41.39,20600,41.19,U
sh603301,振德医疗,2025-09-25 09:30:37,41.4,10700,41.39,U
sh603301,振德医疗,2025-09-25 09:30:40,41.41,8500,41.4,U
sh603301,振德医疗,2025-09-25 09:30:43,41.41,11900,41.41,D
sh603301,振德医疗,2025-09-25 09:30:46,41.48,14700,41.41,U
sh603301,振德医疗,2025-09-25 09:30:49,41.39,54200,41.48,D
sh603301,振德医疗,2025-09-25 09:30:52,41.46,22600,41.39,U
sh603301,振德医疗,2025-09-25 09:30:55,41.45,6000,41.46,E
sh603301,振德医疗,2025-09-25 09:30:58,41.43,25500,41.45,D
sh603301,振德医疗,2025-09-25 09:31:01,41.5,6200,41.43,U
sh603301,振德医疗,2025-09-25 09:31:04,41.5,9500,41.5,U
sh603301,振德医疗,2025-09-25 09:31:07,41.5,15400,41.5,U
sh603301,振德医疗,2025-09-25 09:31:10,41.5,11000,41.5,D
sh603301,振德医疗,2025-09-25 09:31:16,41.49,5800,41.4,U
sh603301,振德医疗,2025-09-25 09:31:19,41.49,16200,41.49,U
sh603301,振德医疗,2025-09-25 09:31:34,41.28,8700,41.32,D
sh603301,振德医疗,2025-09-25 09:31:40,41.06,7800,41.16,D
sh603301,振德医疗,2025-09-25 09:31:43,41.03,25800,41.06,D
sh603301,振德医疗,2025-09-25 09:31:52,40.8,6100,40.99,D
sh603301,振德医疗,2025-09-25 09:32:01,40.65,11700,40.65,U
sh603301,振德医疗,2025-09-25 09:32:10,40.81,12200,40.8,U
sh603301,振德医疗,2025-09-25 09:32:16,41.01,48100,40.99,U
sh603301,振德医疗,2025-09-25 09:32:49,40.85,5800,40.85,D
sh603301,振德医疗,2025-09-25 09:32:52,41.0,11100,40.85,U
sh603301,振德医疗,2025-09-25 09:32:55,41.02,8900,41.0,U
sh603301,振德医疗,2025-09-25 09:33:07,41.0,14400,41.15,D
sh603301,振德医疗,2025-09-25 09:33:13,40.86,14900,40.93,D
sh603301,振德医疗,2025-09-25 09:33:16,40.93,19700,40.86,U
sh603301,振德医疗,2025-09-25 09:33:34,40.87,9700,40.86,U
sh603301,振德医疗,2025-09-25 09:33:40,40.87,15300,40.86,U
sh603301,振德医疗,2025-09-25 09:34:13,40.86,6400,40.86,D
sh603301,振德医疗,2025-09-25 09:34:19,40.86,5800,40.86,D
sh603301,振德医疗,2025-09-25 09:34:34,40.9,7400,40.87,U
sh603301,振德医疗,2025-09-25 09:34:37,40.87,5900,40.9,D
sh603301,振德医疗,2025-09-25 09:34:49,40.93,12300,40.89,U
sh603301,振德医疗,2025-09-25 09:35:04,40.98,7900,40.9,U
sh603301,振德医疗,2025-09-25 09:35:13,41.0,6400,40.98,U
sh603301,振德医疗,2025-09-25 09:35:49,41.22,9100,41.24,D
sh603301,振德医疗,2025-09-25 09:36:25,41.26,15200,41.16,U
sh603301,振德医疗,2025-09-25 09:36:34,41.44,10100,41.37,U
sh603301,振德医疗,2025-09-25 09:36:37,41.47,6900,41.44,U
sh603301,振德医疗,2025-09-25 09:36:43,41.57,40700,41.49,U
sh603301,振德医疗,2025-09-25 09:36:46,41.65,22300,41.57,U
sh603301,振德医疗,2025-09-25 09:36:49,41.64,17600,41.65,D
sh603301,振德医疗,2025-09-25 09:36:52,41.72,32800,41.64,U
sh603301,振德医疗,2025-09-25 09:36:55,41.67,19200,41.72,D
sh603301,振德医疗,2025-09-25 09:36:58,41.72,21900,41.67,U
sh603301,振德医疗,2025-09-25 09:37:04,41.88,12000,41.72,U
sh603301,振德医疗,2025-09-25 09:37:13,41.69,28100,41.8,D
sh603301,振德医疗,2025-09-25 09:37:19,41.63,7600,41.72,E
sh603301,振德医疗,2025-09-25 09:37:28,41.72,7500,41.8,D
sh603301,振德医疗,2025-09-25 09:37:31,41.79,6300,41.72,U
sh603301,振德医疗,2025-09-25 09:37:34,41.8,9900,41.79,U
sh603301,振德医疗,2025-09-25 09:37:37,41.79,5400,41.8,U
sh603301,振德医疗,2025-09-25 09:37:46,41.8,8200,41.78,U
sh603301,振德医疗,2025-09-25 09:37:52,41.8,12200,41.79,U
sh603301,振德医疗,2025-09-25 09:37:55,41.79,10200,41.8,U
sh603301,振德医疗,2025-09-25 09:38:04,41.78,10900,41.75,U
sh603301,振德医疗,2025-09-25 09:38:13,41.87,25400,41.78,U
sh603301,振德医疗,2025-09-25 09:38:22,41.88,16600,41.88,U
sh603301,振德医疗,2025-09-25 09:38:31,41.92,11700,41.9,U
sh603301,振德医疗,2025-09-25 09:38:34,41.92,13100,41.92,U
sh603301,振德医疗,2025-09-25 09:38:40,41.86,9700,41.91,D
sh603301,振德医疗,2025-09-25 09:38:43,41.8,11100,41.86,D
sh603301,振德医疗,2025-09-25 09:38:46,41.88,6500,41.8,E
sh603301,振德医疗,2025-09-25 09:39:10,41.75,18700,41.8,D
sh603301,振德医疗,2025-09-25 09:39:25,41.75,4900,41.78,E
sh603301,振德医疗,2025-09-25 09:39:34,41.75,5100,41.77,D
sh603301,振德医疗,2025-09-25 09:39:43,41.71,5000,41.75,D
sh603301,振德医疗,2025-09-25 09:39:46,41.7,8600,41.71,D
sh603301,振德医疗,2025-09-25 09:39:55,41.68,21000,41.68,D
sh603301,振德医疗,2025-09-25 09:40:04,41.81,99700,41.66,U
sh603301,振德医疗,2025-09-25 09:40:07,41.87,13900,41.81,U
sh603301,振德医疗,2025-09-25 09:40:10,41.87,5500,41.87,D
sh603301,振德医疗,2025-09-25 09:40:19,41.96,45900,41.9,U
sh603301,振德医疗,2025-09-25 09:40:22,41.96,5200,41.96,U
sh603301,振德医疗,2025-09-25 09:40:28,41.89,12300,41.96,D
sh603301,振德医疗,2025-09-25 09:40:31,41.96,25000,41.89,U
sh603301,振德医疗,2025-09-25 09:40:34,41.91,15900,41.96,E
sh603301,振德医疗,2025-09-25 09:40:40,41.98,13200,41.93,U
sh603301,振德医疗,2025-09-25 09:40:49,42.04,63600,41.94,U
sh603301,振德医疗,2025-09-25 09:40:52,42.04,15400,42.04,U
sh603301,振德医疗,2025-09-25 09:40:58,42.04,11500,42.04,U
sh603301,振德医疗,2025-09-25 09:41:04,42.04,28300,42.02,U
sh603301,振德医疗,2025-09-25 09:41:07,42.04,11400,42.04,D
sh603301,振德医疗,2025-09-25 09:41:10,42.03,5600,42.04,E
sh603301,振德医疗,2025-09-25 09:41:13,42.0,5700,42.03,D
sh603301,振德医疗,2025-09-25 09:41:19,42.0,10400,42.0,U
sh603301,振德医疗,2025-09-25 09:41:25,42.0,12700,42.0,U
sh603301,振德医疗,2025-09-25 09:41:28,42.02,19800,42.0,U
sh603301,振德医疗,2025-09-25 09:41:31,41.99,11700,42.02,D
sh603301,振德医疗,2025-09-25 09:41:40,42.04,18200,42.0,U
sh603301,振德医疗,2025-09-25 09:41:55,41.99,14900,42.04,D
sh603301,振德医疗,2025-09-25 09:42:01,42.0,5500,41.99,U
sh603301,振德医疗,2025-09-25 09:42:04,42.0,11700,42.0,D
sh603301,振德医疗,2025-09-25 09:42:07,42.0,11900,42.0,E
sh603301,振德医疗,2025-09-25 09:42:16,41.97,16400,41.99,D
sh603301,振德医疗,2025-09-25 09:42:25,42.1,9900,42.06,U
sh603301,振德医疗,2025-09-25 09:42:28,42.05,6100,42.1,E
sh603301,振德医疗,2025-09-25 09:42:31,42.06,9800,42.05,E
sh603301,振德医疗,2025-09-25 09:42:34,42.1,8800,42.06,U
sh603301,振德医疗,2025-09-25 09:42:43,42.14,7400,42.12,U
sh603301,振德医疗,2025-09-25 09:42:46,42.15,5400,42.14,U
sh603301,振德医疗,2025-09-25 09:42:49,42.16,9700,42.15,U
sh603301,振德医疗,2025-09-25 09:42:55,42.22,7500,42.2,U
sh603301,振德医疗,2025-09-25 09:42:58,42.22,14600,42.22,D
sh603301,振德医疗,2025-09-25 09:43:04,42.2,7900,42.25,D
sh603301,振德医疗,2025-09-25 09:43:07,42.22,21600,42.2,D
sh603301,振德医疗,2025-09-25 09:43:25,42.23,12200,42.24,U
sh603301,振德医疗,2025-09-25 09:43:31,42.23,8800,42.18,U
sh603301,振德医疗,2025-09-25 09:43:40,42.33,12000,42.25,U
sh603301,振德医疗,2025-09-25 09:43:49,42.36,5400,42.36,U
sh603301,振德医疗,2025-09-25 09:43:52,42.36,11500,42.36,U
sh603301,振德医疗,2025-09-25 09:43:58,42.35,14000,42.33,U
sh603301,振德医疗,2025-09-25 09:44:04,42.4,6400,42.38,U
sh603301,振德医疗,2025-09-25 09:44:07,42.41,6700,42.4,E
sh603301,振德医疗,2025-09-25 09:44:13,42.36,22700,42.4,D
sh603301,振德医疗,2025-09-25 09:44:16,42.38,9500,42.36,U
sh603301,振德医疗,2025-09-25 09:44:22,42.4,9100,42.35,U
sh603301,振德医疗,2025-09-25 09:44:25,42.36,9100,42.4,D
sh603301,振德医疗,2025-09-25 09:44:34,42.46,8900,42.47,E
sh603301,振德医疗,2025-09-25 09:44:43,42.46,12500,42.47,D
sh603301,振德医疗,2025-09-25 09:44:46,42.47,6400,42.46,E
sh603301,振德医疗,2025-09-25 09:44:49,42.5,9700,42.47,U
sh603301,振德医疗,2025-09-25 09:44:55,42.5,8100,42.48,U
sh603301,振德医疗,2025-09-25 09:44:58,42.5,12300,42.5,D
sh603301,振德医疗,2025-09-25 09:45:01,42.55,8500,42.5,U
sh603301,振德医疗,2025-09-25 09:45:04,42.53,17500,42.55,E
sh603301,振德医疗,2025-09-25 09:45:07,42.46,27300,42.53,D
sh603301,振德医疗,2025-09-25 09:45:10,42.48,7600,42.46,U
sh603301,振德医疗,2025-09-25 09:45:13,42.49,6900,42.48,U
sh603301,振德医疗,2025-09-25 09:45:19,42.55,8500,42.49,U
sh603301,振德医疗,2025-09-25 09:45:22,42.54,5900,42.55,U
sh603301,振德医疗,2025-09-25 09:45:31,42.48,10300,42.5,D
sh603301,振德医疗,2025-09-25 09:45:34,42.45,17800,42.48,D
sh603301,振德医疗,2025-09-25 09:46:16,42.41,7100,42.37,U
sh603301,振德医疗,2025-09-25 09:46:40,42.49,4900,42.49,D
sh603301,振德医疗,2025-09-25 09:46:43,42.49,13100,42.49,D
sh603301,振德医疗,2025-09-25 09:46:49,42.54,8000,42.54,U
sh603301,振德医疗,2025-09-25 09:46:52,42.54,8100,42.54,U
sh603301,振德医疗,2025-09-25 09:47:04,42.5,15700,42.53,D
sh603301,振德医疗,2025-09-25 09:47:07,42.44,5500,42.5,E
sh603301,振德医疗,2025-09-25 09:47:28,42.38,7700,42.38,D
sh603301,振德医疗,2025-09-25 09:47:43,42.3,8600,42.34,D
sh603301,振德医疗,2025-09-25 09:48:25,42.26,48700,42.11,U
sh603301,振德医疗,2025-09-25 09:48:34,42.3,5900,42.26,U
sh603301,振德医疗,2025-09-25 09:48:37,42.34,10000,42.3,U
sh603301,振德医疗,2025-09-25 09:48:55,42.38,7900,42.35,U
sh603301,振德医疗,2025-09-25 09:49:07,42.42,6800,42.38,U
sh603301,振德医疗,2025-09-25 09:49:22,42.5,8100,42.5,U
sh603301,振德医疗,2025-09-25 09:49:25,42.5,37600,42.5,U
sh603301,振德医疗,2025-09-25 09:49:43,42.55,5800,42.55,U
sh603301,振德医疗,2025-09-25 09:49:52,42.67,30300,42.58,U
sh603301,振德医疗,2025-09-25 09:50:04,42.77,13400,42.76,U
sh603301,振德医疗,2025-09-25 09:50:07,42.8,20100,42.77,U
sh603301,振德医疗,2025-09-25 09:50:10,42.87,5600,42.8,U
sh603301,振德医疗,2025-09-25 09:50:19,42.97,9400,42.94,U
sh603301,振德医疗,2025-09-25 09:50:22,43.0,29100,42.97,U
sh603301,振德医疗,2025-09-25 09:50:25,42.98,38300,43.0,D
sh603301,振德医疗,2025-09-25 09:50:28,42.91,17300,42.98,E
sh603301,振德医疗,2025-09-25 09:50:31,42.99,54500,42.91,U
sh603301,振德医疗,2025-09-25 09:50:34,43.03,11900,42.99,U
sh603301,振德医疗,2025-09-25 09:50:37,43.01,6800,43.03,D
sh603301,振德医疗,2025-09-25 09:50:40,43.04,19700,43.01,U
sh603301,振德医疗,2025-09-25 09:50:43,43.05,6400,43.04,U
sh603301,振德医疗,2025-09-25 09:50:49,43.05,11400,43.05,U
sh603301,振德医疗,2025-09-25 09:50:52,42.91,48100,43.05,D
sh603301,振德医疗,2025-09-25 09:50:55,42.92,8900,42.91,U
sh603301,振德医疗,2025-09-25 09:51:01,42.92,18500,42.89,U
sh603301,振德医疗,2025-09-25 09:51:04,42.93,12500,42.92,E
sh603301,振德医疗,2025-09-25 09:51:07,42.94,7200,42.93,U
sh603301,振德医疗,2025-09-25 09:51:13,42.97,5400,42.96,U
sh603301,振德医疗,2025-09-25 09:51:22,43.01,5500,43.0,U
sh603301,振德医疗,2025-09-25 09:51:28,43.12,26800,43.04,U
sh603301,振德医疗,2025-09-25 09:51:37,43.18,12800,43.18,U
sh603301,振德医疗,2025-09-25 09:51:40,43.26,5600,43.18,U
sh603301,振德医疗,2025-09-25 09:51:46,43.26,29100,43.25,U
sh603301,振德医疗,2025-09-25 09:51:49,43.31,9000,43.26,U
sh603301,振德医疗,2025-09-25 09:51:52,43.33,8600,43.31,U
sh603301,振德医疗,2025-09-25 09:51:55,43.4,7900,43.33,U
sh603301,振德医疗,2025-09-25 09:52:01,43.44,19400,43.44,D
sh603301,振德医疗,2025-09-25 09:52:04,43.48,44000,43.44,U
sh603301,振德医疗,2025-09-25 09:52:07,43.46,45800,43.48,E
sh603301,振德医疗,2025-09-25 09:52:10,43.4,41400,43.46,E
sh603301,振德医疗,2025-09-25 09:52:13,43.34,9800,43.4,D
sh603301,振德医疗,2025-09-25 09:52:16,43.45,51400,43.34,U
sh603301,振德医疗,2025-09-25 09:52:19,43.45,12300,43.45,U
sh603301,振德医疗,2025-09-25 09:52:25,43.45,14000,43.45,U
sh603301,振德医疗,2025-09-25 09:52:28,43.46,8000,43.45,U
sh603301,振德医疗,2025-09-25 09:52:31,43.46,24000,43.46,U
sh603301,振德医疗,2025-09-25 09:52:34,43.46,17800,43.46,D
sh603301,振德医疗,2025-09-25 09:52:40,43.57,7100,43.55,E
sh603301,振德医疗,2025-09-25 09:52:43,43.69,13200,43.57,U
sh603301,振德医疗,2025-09-25 09:52:49,43.7,10600,43.69,U
sh603301,振德医疗,2025-09-25 09:52:52,43.7,48800,43.7,U
sh603301,振德医疗,2025-09-25 09:52:55,43.73,61100,43.7,U
sh603301,振德医疗,2025-09-25 09:52:58,43.78,5200,43.73,U
sh603301,振德医疗,2025-09-25 09:53:01,43.81,5000,43.78,U
sh603301,振德医疗,2025-09-25 09:53:04,43.79,62400,43.81,D
sh603301,振德医疗,2025-09-25 09:53:07,43.87,15300,43.79,U
sh603301,振德医疗,2025-09-25 09:53:10,43.86,32000,43.87,D
sh603301,振德医疗,2025-09-25 09:53:13,43.89,34900,43.86,U
sh603301,振德医疗,2025-09-25 09:53:16,43.86,18400,43.89,E
sh603301,振德医疗,2025-09-25 09:53:19,43.9,19700,43.86,U
sh603301,振德医疗,2025-09-25 09:53:25,43.99,7100,43.91,U
sh603301,振德医疗,2025-09-25 09:53:31,43.99,7100,44.0,D
sh603301,振德医疗,2025-09-25 09:53:34,44.0,44500,43.99,U
sh603301,振德医疗,2025-09-25 09:53:37,44.0,38500,44.0,D
sh603301,振德医疗,2025-09-25 09:53:40,43.98,11100,44.0,E
sh603301,振德医疗,2025-09-25 09:53:43,44.02,10800,43.98,U
sh603301,振德医疗,2025-09-25 09:53:46,44.02,17300,44.02,U
sh603301,振德医疗,2025-09-25 09:53:49,43.97,5500,44.02,D
sh603301,振德医疗,2025-09-25 09:53:52,43.89,10700,43.97,D
sh603301,振德医疗,2025-09-25 09:53:55,43.98,8500,43.89,E
sh603301,振德医疗,2025-09-25 09:53:58,43.98,11200,43.98,U
sh603301,振德医疗,2025-09-25 09:54:01,43.99,21900,43.98,U
sh603301,振德医疗,2025-09-25 09:54:04,43.99,21100,43.99,E
sh603301,振德医疗,2025-09-25 09:54:07,43.99,8900,43.99,U
sh603301,振德医疗,2025-09-25 09:54:10,43.96,8900,43.99,U
sh603301,振德医疗,2025-09-25 09:54:16,43.97,6500,43.83,U
sh603301,振德医疗,2025-09-25 09:54:22,43.84,8100,43.76,U
sh603301,振德医疗,2025-09-25 09:54:28,43.97,23600,43.85,U
sh603301,振德医疗,2025-09-25 09:54:34,43.91,15100,43.97,U
sh603301,振德医疗,2025-09-25 09:54:37,43.99,7900,43.91,U
sh603301,振德医疗,2025-09-25 09:54:40,43.98,40800,43.99,E
sh603301,振德医疗,2025-09-25 09:54:43,44.05,38900,43.98,U
sh603301,振德医疗,2025-09-25 09:54:49,44.17,19400,44.1,U
sh603301,振德医疗,2025-09-25 09:54:52,44.13,31600,44.17,D
sh603301,振德医疗,2025-09-25 09:54:55,44.09,10900,44.13,D
sh603301,振德医疗,2025-09-25 09:54:58,44.13,18800,44.09,U
sh603301,振德医疗,2025-09-25 09:55:01,44.09,15200,44.13,D
sh603301,振德医疗,2025-09-25 09:55:04,44.08,16100,44.09,D
sh603301,振德医疗,2025-09-25 09:55:07,44.09,4600,44.08,U
sh603301,振德医疗,2025-09-25 09:55:10,44.0,13600,44.09,D
sh603301,振德医疗,2025-09-25 09:55:13,43.96,10300,44.0,D
sh603301,振德医疗,2025-09-25 09:55:16,43.9,17600,43.96,E
sh603301,振德医疗,2025-09-25 09:55:19,43.88,13800,43.9,E
sh603301,振德医疗,2025-09-25 09:55:34,43.54,10400,43.53,U
sh603301,振德医疗,2025-09-25 09:55:40,43.54,14400,43.53,U
sh603301,振德医疗,2025-09-25 09:55:49,43.7,13100,43.74,E
sh603301,振德医疗,2025-09-25 09:55:52,43.81,43800,43.7,U
sh603301,振德医疗,2025-09-25 09:55:55,43.82,5900,43.81,U
sh603301,振德医疗,2025-09-25 09:55:58,43.8,7700,43.82,U
sh603301,振德医疗,2025-09-25 09:56:04,43.77,9300,43.8,D
sh603301,振德医疗,2025-09-25 09:56:07,43.73,23300,43.77,D
sh603301,振德医疗,2025-09-25 09:56:13,43.7,8900,43.78,D
sh603301,振德医疗,2025-09-25 09:56:22,43.59,12900,43.65,D
sh603301,振德医疗,2025-09-25 09:56:25,43.41,16900,43.59,D
sh603301,振德医疗,2025-09-25 09:56:37,43.35,4900,43.37,E
sh603301,振德医疗,2025-09-25 09:56:40,43.3,21300,43.35,D
sh603301,振德医疗,2025-09-25 09:56:46,43.31,8800,43.31,U
sh603301,振德医疗,2025-09-25 09:56:52,43.32,5400,43.31,U
sh603301,振德医疗,2025-09-25 09:56:55,43.32,5500,43.32,U
sh603301,振德医疗,2025-09-25 09:56:58,43.3,18100,43.32,D
sh603301,振德医疗,2025-09-25 09:57:01,43.33,8700,43.3,U
sh603301,振德医疗,2025-09-25 09:57:16,43.08,15800,43.18,D
sh603301,振德医疗,2025-09-25 09:57:19,43.0,25200,43.08,D
sh603301,振德医疗,2025-09-25 09:57:31,43.03,13300,42.98,U
sh603301,振德医疗,2025-09-25 09:57:34,42.94,22000,43.03,D
sh603301,振德医疗,2025-09-25 09:57:37,42.93,6100,42.94,E
sh603301,振德医疗,2025-09-25 09:57:43,42.89,10100,42.9,D
sh603301,振德医疗,2025-09-25 09:57:46,42.73,26300,42.89,D
sh603301,振德医疗,2025-09-25 09:57:49,42.75,16600,42.73,E
sh603301,振德医疗,2025-09-25 09:57:52,42.67,5200,42.75,D
sh603301,振德医疗,2025-09-25 09:57:55,42.73,10900,42.67,U
sh603301,振德医疗,2025-09-25 09:58:01,42.75,5300,42.72,D
sh603301,振德医疗,2025-09-25 09:58:04,42.75,9100,42.75,U
sh603301,振德医疗,2025-09-25 09:58:07,42.72,21100,42.75,D
sh603301,振德医疗,2025-09-25 09:58:10,42.71,7700,42.72,D
sh603301,振德医疗,2025-09-25 09:58:13,42.72,6000,42.71,U
sh603301,振德医疗,2025-09-25 09:58:16,42.72,9300,42.72,U
sh603301,振德医疗,2025-09-25 09:58:19,42.82,7500,42.72,U
sh603301,振德医疗,2025-09-25 09:58:25,42.8,14800,42.77,E
sh603301,振德医疗,2025-09-25 09:58:28,42.76,70800,42.8,E
sh603301,振德医疗,2025-09-25 09:58:31,42.65,21800,42.76,D
sh603301,振德医疗,2025-09-25 09:58:40,42.66,5238,42.67,D
sh603301,振德医疗,2025-09-25 09:58:43,42.66,12700,42.66,U
sh603301,振德医疗,2025-09-25 09:58:46,42.6,11200,42.66,D
sh603301,振德医疗,2025-09-25 09:58:49,42.48,15600,42.6,D
sh603301,振德医疗,2025-09-25 09:58:55,42.53,7900,42.57,D
sh603301,振德医疗,2025-09-25 09:59:04,42.53,9400,42.63,D
sh603301,振德医疗,2025-09-25 09:59:19,42.65,6100,42.65,U
sh603301,振德医疗,2025-09-25 09:59:25,42.52,13900,42.63,D
sh603301,振德医疗,2025-09-25 09:59:28,42.51,4800,42.52,D
sh603301,振德医疗,2025-09-25 09:59:31,42.48,11400,42.51,D
sh603301,振德医疗,2025-09-25 09:59:34,42.4,23800,42.48,D
sh603301,振德医疗,2025-09-25 09:59:52,42.33,10900,42.36,D
sh603301,振德医疗,2025-09-25 09:59:55,42.32,5600,42.33,D
sh603301,振德医疗,2025-09-25 09:59:58,42.33,8400,42.32,U
sh603301,振德医疗,2025-09-25 10:00:04,42.24,25300,42.32,D
sh603301,振德医疗,2025-09-25 10:00:07,42.12,14200,42.24,D
sh603301,振德医疗,2025-09-25 10:00:10,42.1,9500,42.12,D
sh603301,振德医疗,2025-09-25 10:00:13,41.98,15700,42.1,D
sh603301,振德医疗,2025-09-25 10:00:16,41.92,5200,41.98,D
sh603301,振德医疗,2025-09-25 10:00:22,41.86,8000,41.84,E
sh603301,振德医疗,2025-09-25 10:00:25,41.76,7000,41.86,D
sh603301,振德医疗,2025-09-25 10:00:28,41.89,5400,41.76,U
sh603301,振德医疗,2025-09-25 10:00:31,41.89,8800,41.89,E
sh603301,振德医疗,2025-09-25 10:00:34,41.92,26900,41.89,U
sh603301,振德医疗,2025-09-25 10:00:37,41.6,8500,41.92,D
sh603301,振德医疗,2025-09-25 10:00:40,41.64,5300,41.6,U
sh603301,振德医疗,2025-09-25 10:00:46,41.64,6200,41.64,U
sh603301,振德医疗,2025-09-25 10:00:49,41.61,7900,41.64,E
sh603301,振德医疗,2025-09-25 10:00:55,41.54,8700,41.62,D
sh603301,振德医疗,2025-09-25 10:01:04,41.49,14300,41.53,D
sh603301,振德医疗,2025-09-25 10:01:07,41.43,6100,41.49,D
sh603301,振德医疗,2025-09-25 10:01:10,41.49,9700,41.43,U
sh603301,振德医疗,2025-09-25 10:01:16,41.39,6100,41.4,D
sh603301,振德医疗,2025-09-25 10:01:22,41.35,6500,41.4,E
sh603301,振德医疗,2025-09-25 10:01:25,41.39,8800,41.35,U
sh603301,振德医疗,2025-09-25 10:01:58,41.89,5500,41.96,D
sh603301,振德医疗,2025-09-25 10:02:01,41.91,6600,41.89,U
sh603301,振德医疗,2025-09-25 10:02:04,41.88,5600,41.91,E
sh603301,振德医疗,2025-09-25 10:02:07,41.89,9000,41.88,U
sh603301,振德医疗,2025-09-25 10:02:10,41.91,7000,41.89,E
sh603301,振德医疗,2025-09-25 10:02:19,41.91,34600,41.94,D
sh603301,振德医疗,2025-09-25 10:02:22,41.76,13400,41.91,D
sh603301,振德医疗,2025-09-25 10:02:25,41.74,16100,41.76,D
sh603301,振德医疗,2025-09-25 10:02:37,41.63,7500,41.63,D
sh603301,振德医疗,2025-09-25 10:02:43,41.68,5800,41.65,E
sh603301,振德医疗,2025-09-25 10:02:55,41.8,5200,41.78,U
sh603301,振德医疗,2025-09-25 10:03:10,41.8,5600,41.82,D
sh603301,振德医疗,2025-09-25 10:03:25,41.83,17500,41.88,D
sh603301,振德医疗,2025-09-25 10:03:28,41.76,19100,41.83,D
sh603301,振德医疗,2025-09-25 10:03:34,41.73,10600,41.8,E
sh603301,振德医疗,2025-09-25 10:03:43,41.78,5100,41.84,D
sh603301,振德医疗,2025-09-25 10:03:55,41.78,6600,41.78,U
sh603301,振德医疗,2025-09-25 10:03:58,41.78,6200,41.78,D
sh603301,振德医疗,2025-09-25 10:04:22,41.78,4900,41.81,D
sh603301,振德医疗,2025-09-25 10:04:43,41.8,6300,41.78,U
sh603301,振德医疗,2025-09-25 10:04:46,41.73,59200,41.8,D
sh603301,振德医疗,2025-09-25 10:04:49,41.68,16400,41.73,D
sh603301,振德医疗,2025-09-25 10:04:58,41.65,7400,41.65,D
sh603301,振德医疗,2025-09-25 10:05:01,41.65,6600,41.65,U
sh603301,振德医疗,2025-09-25 10:05:04,41.65,10200,41.65,D
sh603301,振德医疗,2025-09-25 10:05:10,41.65,11400,41.66,D
sh603301,振德医疗,2025-09-25 10:05:13,41.81,7700,41.65,U
sh603301,振德医疗,2025-09-25 10:05:49,41.78,14100,41.85,D
sh603301,振德医疗,2025-09-25 10:06:31,41.72,6600,41.73,D
sh603301,振德医疗,2025-09-25 10:06:37,41.67,5800,41.68,D
sh603301,振德医疗,2025-09-25 10:06:40,41.65,7700,41.67,D
sh603301,振德医疗,2025-09-25 10:06:49,41.66,7300,41.65,U
sh603301,振德医疗,2025-09-25 10:07:10,41.93,10740,41.74,U
sh603301,振德医疗,2025-09-25 10:07:22,42.06,6800,42.07,E
sh603301,振德医疗,2025-09-25 10:07:25,42.07,5700,42.06,U
sh603301,振德医疗,2025-09-25 10:07:34,42.07,7000,42.08,D
sh603301,振德医疗,2025-09-25 10:07:37,42.02,5000,42.07,D
sh603301,振德医疗,2025-09-25 10:07:43,42.08,9200,42.07,U
sh603301,振德医疗,2025-09-25 10:07:49,42.13,8700,42.09,U
sh603301,振德医疗,2025-09-25 10:08:01,42.07,7900,42.13,D
sh603301,振德医疗,2025-09-25 10:08:13,41.99,4800,41.99,E
sh603301,振德医疗,2025-09-25 10:08:16,42.04,8000,41.99,U
sh603301,振德医疗,2025-09-25 10:08:34,42.07,6300,41.93,U
sh603301,振德医疗,2025-09-25 10:08:49,42.14,5000,42.16,E
sh603301,振德医疗,2025-09-25 10:09:31,42.19,12700,42.19,D
sh603301,振德医疗,2025-09-25 10:09:46,42.06,5800,42.15,D
sh603301,振德医疗,2025-09-25 10:09:52,42.12,9600,42.06,U
sh603301,振德医疗,2025-09-25 10:10:13,42.17,5200,42.19,D
sh603301,振德医疗,2025-09-25 10:10:16,42.21,12500,42.17,U
sh603301,振德医疗,2025-09-25 10:10:19,42.15,6200,42.21,D
sh603301,振德医疗,2025-09-25 10:10:22,42.01,9100,42.15,D
sh603301,振德医疗,2025-09-25 10:10:37,42.0,5600,42.0,D
sh603301,振德医疗,2025-09-25 10:10:40,42.18,9400,42.0,U
sh603301,振德医疗,2025-09-25 10:10:46,42.16,11500,42.07,U
sh603301,振德医疗,2025-09-25 10:10:52,42.08,6500,42.16,D
sh603301,振德医疗,2025-09-25 10:11:13,42.03,6700,42.04,D
sh603301,振德医疗,2025-09-25 10:11:16,42.04,8800,42.03,U
sh603301,振德医疗,2025-09-25 10:11:19,42.05,5400,42.04,E
sh603301,振德医疗,2025-09-25 10:11:28,42.18,17000,42.13,U
sh603301,振德医疗,2025-09-25 10:11:31,42.13,11000,42.18,D
sh603301,振德医疗,2025-09-25 10:11:34,42.25,6100,42.13,U
sh603301,振德医疗,2025-09-25 10:11:37,42.24,5000,42.25,D
sh603301,振德医疗,2025-09-25 10:12:07,42.16,14700,42.25,D
sh603301,振德医疗,2025-09-25 10:12:37,42.22,5900,42.17,U
sh603301,振德医疗,2025-09-25 10:12:40,42.36,26000,42.22,U
sh603301,振德医疗,2025-09-25 10:13:04,42.35,4900,42.35,U
sh603301,振德医疗,2025-09-25 10:13:13,42.3,6000,42.35,D
sh603301,振德医疗,2025-09-25 10:13:19,42.3,6600,42.33,E
sh603301,振德医疗,2025-09-25 10:13:37,42.29,5000,42.36,D
sh603301,振德医疗,2025-09-25 10:13:52,42.25,6600,42.25,E
sh603301,振德医疗,2025-09-25 10:13:55,42.25,4800,42.25,E
sh603301,振德医疗,2025-09-25 10:13:58,42.31,5400,42.25,U
sh603301,振德医疗,2025-09-25 10:14:25,42.21,4900,42.26,D
sh603301,振德医疗,2025-09-25 10:14:28,42.19,10800,42.21,D
sh603301,振德医疗,2025-09-25 10:15:01,42.35,20500,42.27,U
sh603301,振德医疗,2025-09-25 10:15:28,42.38,5400,42.38,U
sh603301,振德医疗,2025-09-25 10:15:52,42.37,5800,42.37,U
sh603301,振德医疗,2025-09-25 10:16:07,42.37,9400,42.28,U
sh603301,振德医疗,2025-09-25 10:19:52,42.24,15400,42.14,U
sh603301,振德医疗,2025-09-25 10:20:31,42.11,10200,42.15,D
sh603301,振德医疗,2025-09-25 10:20:58,42.06,6700,42.05,U
sh603301,振德医疗,2025-09-25 10:21:13,42.07,15100,42.07,U
sh603301,振德医疗,2025-09-25 10:21:40,42.14,8300,42.08,U
sh603301,振德医疗,2025-09-25 10:24:04,42.08,13100,42.09,D
sh603301,振德医疗,2025-09-25 10:25:52,42.13,9503,42.05,U
sh603301,振德医疗,2025-09-25 10:27:16,42.17,17500,42.07,U
sh603301,振德医疗,2025-09-25 10:27:22,42.17,18800,42.18,D
sh603301,振德医疗,2025-09-25 10:28:40,42.16,4800,42.16,D
sh603301,振德医疗,2025-09-25 10:30:19,42.19,9200,42.21,D
sh603301,振德医疗,2025-09-25 10:30:22,42.19,5900,42.19,D
sh603301,振德医疗,2025-09-25 10:30:25,42.19,10200,42.19,D
sh603301,振德医疗,2025-09-25 10:32:01,42.16,75600,42.04,U
sh603301,振德医疗,2025-09-25 10:34:04,42.23,19600,42.21,U
sh603301,振德医疗,2025-09-25 10:34:07,42.25,13840,42.23,U
sh603301,振德医疗,2025-09-25 10:34:49,42.27,6000,42.27,U
sh603301,振德医疗,2025-09-25 10:34:58,42.31,16700,42.3,U
sh603301,振德医疗,2025-09-25 10:35:22,42.31,10200,42.32,D
sh603301,振德医疗,2025-09-25 10:36:52,42.4,6000,42.45,D
sh603301,振德医疗,2025-09-25 10:37:52,42.4,8800,42.4,D
sh603301,振德医疗,2025-09-25 10:37:58,42.41,5500,42.4,U
sh603301,振德医疗,2025-09-25 10:38:04,42.5,6300,42.42,U
sh603301,振德医疗,2025-09-25 10:39:52,42.6,15000,42.6,U
sh603301,振德医疗,2025-09-25 10:40:07,42.72,5100,42.7,U
sh603301,振德医疗,2025-09-25 10:40:16,42.77,12600,42.82,D
sh603301,振德医疗,2025-09-25 10:40:22,42.82,5900,42.81,U
sh603301,振德医疗,2025-09-25 10:40:28,42.83,7500,42.81,U
sh603301,振德医疗,2025-09-25 10:40:37,42.83,10900,42.83,D
sh603301,振德医疗,2025-09-25 10:40:46,42.84,6600,42.84,U
sh603301,振德医疗,2025-09-25 10:40:58,42.86,12500,42.85,U
sh603301,振德医疗,2025-09-25 10:41:04,42.81,6800,42.86,D
sh603301,振德医疗,2025-09-25 10:41:07,42.84,10500,42.81,U
sh603301,振德医疗,2025-09-25 10:41:22,42.75,6500,42.75,D
sh603301,振德医疗,2025-09-25 10:41:43,42.51,14800,42.71,D
sh603301,振德医疗,2025-09-25 10:41:49,42.52,13600,42.65,D
sh603301,振德医疗,2025-09-25 10:41:58,42.72,10300,42.52,U
sh603301,振德医疗,2025-09-25 10:44:13,42.56,22800,42.49,U
sh603301,振德医疗,2025-09-25 10:47:37,42.48,11600,42.44,U
sh603301,振德医疗,2025-09-25 10:48:28,42.47,5300,42.49,D
sh603301,振德医疗,2025-09-25 10:48:34,42.43,9200,42.47,D
sh603301,振德医疗,2025-09-25 10:52:40,42.24,9600,42.21,U
sh603301,振德医疗,2025-09-25 10:59:19,42.14,7600,42.13,U
sh603301,振德医疗,2025-09-25 11:00:34,42.13,5100,42.11,U
sh603301,振德医疗,2025-09-25 11:01:55,42.22,9000,42.17,U
sh603301,振德医疗,2025-09-25 11:10:37,42.32,5600,42.32,D
sh603301,振德医疗,2025-09-25 11:16:07,42.06,5400,42.13,D
sh603301,振德医疗,2025-09-25 11:19:07,42.1,14300,42.09,U
sh603301,振德医疗,2025-09-25 11:19:10,42.14,6400,42.1,U
sh603301,振德医疗,2025-09-25 11:26:28,42.14,5200,42.14,D
sh603301,振德医疗,2025-09-25 11:29:49,42.17,5400,42.2,D
sh603301,振德医疗,2025-09-25 13:00:13,42.11,6000,42.13,D
sh603301,振德医疗,2025-09-25 13:00:19,42.1,7300,42.1,D
sh603301,振德医疗,2025-09-25 13:00:25,42.05,21000,42.09,D
sh603301,振德医疗,2025-09-25 13:00:34,42.02,4800,42.02,D
sh603301,振德医疗,2025-09-25 13:00:43,42.02,5000,42.02,D
sh603301,振德医疗,2025-09-25 13:00:55,42.0,7400,42.0,D
sh603301,振德医疗,2025-09-25 13:01:22,41.97,9300,41.97,U
sh603301,振德医疗,2025-09-25 13:08:37,41.9,5400,41.91,D
sh603301,振德医疗,2025-09-25 13:08:40,41.9,5600,41.9,D
sh603301,振德医疗,2025-09-25 13:08:58,41.8,6700,41.84,D
sh603301,振德医疗,2025-09-25 13:09:58,41.88,8800,41.87,U
sh603301,振德医疗,2025-09-25 13:10:13,41.81,11100,41.89,D
sh603301,振德医疗,2025-09-25 13:13:34,41.82,5700,41.85,D
sh603301,振德医疗,2025-09-25 13:17:13,41.75,6100,41.76,D
sh603301,振德医疗,2025-09-25 13:18:13,41.7,5700,41.71,D
sh603301,振德医疗,2025-09-25 13:19:28,41.68,5500,41.69,D
sh603301,振德医疗,2025-09-25 13:21:34,41.75,4900,41.76,D
sh603301,振德医疗,2025-09-25 13:24:07,41.7,9500,41.71,D
sh603301,振德医疗,2025-09-25 13:26:52,41.71,8600,41.67,U
sh603301,振德医疗,2025-09-25 13:27:25,41.8,20900,41.71,U
sh603301,振德医疗,2025-09-25 13:27:28,41.84,21200,41.8,U
sh603301,振德医疗,2025-09-25 13:30:01,41.94,6100,41.92,U
sh603301,振德医疗,2025-09-25 13:30:10,42.04,9200,41.99,U
sh603301,振德医疗,2025-09-25 13:31:10,42.19,6300,42.22,D
sh603301,振德医疗,2025-09-25 13:31:16,42.18,5200,42.22,D
sh603301,振德医疗,2025-09-25 13:32:43,42.21,19800,42.1,U
sh603301,振德医疗,2025-09-25 13:33:07,42.14,8500,42.11,U
sh603301,振德医疗,2025-09-25 13:36:19,42.18,4900,42.18,U
sh603301,振德医疗,2025-09-25 13:43:46,42.17,5300,42.17,U
sh603301,振德医疗,2025-09-25 13:43:49,42.18,6900,42.17,U
sh603301,振德医疗,2025-09-25 13:43:58,42.19,6600,42.18,U
sh603301,振德医疗,2025-09-25 13:45:04,42.21,6600,42.28,D
sh603301,振德医疗,2025-09-25 13:49:13,42.11,11700,42.23,D
sh603301,振德医疗,2025-09-25 13:50:55,42.11,6000,42.08,U
sh603301,振德医疗,2025-09-25 13:51:04,42.09,4900,42.11,D
sh603301,振德医疗,2025-09-25 13:53:34,42.2,5000,42.16,U
sh603301,振德医疗,2025-09-25 13:54:37,42.16,8000,42.19,D
sh603301,振德医疗,2025-09-25 14:02:52,42.11,5100,42.19,D
sh603301,振德医疗,2025-09-25 14:04:25,42.27,6000,42.25,U
sh603301,振德医疗,2025-09-25 14:06:28,42.18,5600,42.23,D
sh603301,振德医疗,2025-09-25 14:08:13,42.18,7900,42.22,D
sh603301,振德医疗,2025-09-25 14:09:25,42.22,9500,42.21,U
sh603301,振德医疗,2025-09-25 14:09:28,42.38,25800,42.22,U
sh603301,振德医疗,2025-09-25 14:10:19,42.37,4800,42.42,D
sh603301,振德医疗,2025-09-25 14:11:28,42.45,13600,42.43,U
sh603301,振德医疗,2025-09-25 14:13:37,42.49,9400,42.48,U
sh603301,振德医疗,2025-09-25 14:14:01,42.49,11200,42.49,U
sh603301,振德医疗,2025-09-25 14:14:49,42.47,15600,42.5,D
sh603301,振德医疗,2025-09-25 14:19:25,42.3,7500,42.31,D
sh603301,振德医疗,2025-09-25 14:19:52,42.28,4800,42.28,U
sh603301,振德医疗,2025-09-25 14:24:40,42.15,18200,42.12,U
sh603301,振德医疗,2025-09-25 14:26:04,42.26,4900,42.23,U
sh603301,振德医疗,2025-09-25 14:27:31,42.33,6700,42.33,D
sh603301,振德医疗,2025-09-25 14:33:55,42.41,12600,42.46,D
sh603301,振德医疗,2025-09-25 14:35:58,42.38,5100,42.36,U
sh603301,振德医疗,2025-09-25 14:40:28,42.3,6100,42.3,U
sh603301,振德医疗,2025-09-25 14:42:19,42.34,6500,42.28,U
sh603301,振德医疗,2025-09-25 14:42:28,42.3,13300,42.35,D
sh603301,振德医疗,2025-09-25 14:44:10,42.33,5100,42.31,U
sh603301,振德医疗,2025-09-25 14:44:40,42.3,6100,42.3,D
sh603301,振德医疗,2025-09-25 14:45:28,42.25,14100,42.26,D
sh603301,振德医疗,2025-09-25 14:46:52,42.25,9600,42.25,U
sh603301,振德医疗,2025-09-25 14:47:01,42.27,10800,42.29,D
sh603301,振德医疗,2025-09-25 14:47:28,42.3,19100,42.29,U
sh603301,振德医疗,2025-09-25 14:47:37,42.25,10000,42.27,D
sh603301,振德医疗,2025-09-25 14:47:40,42.23,10700,42.25,D
sh603301,振德医疗,2025-09-25 14:48:01,42.24,5600,42.24,D
sh603301,振德医疗,2025-09-25 14:48:07,42.24,10200,42.18,U
sh603301,振德医疗,2025-09-25 14:48:22,42.2,8500,42.2,U
sh603301,振德医疗,2025-09-25 14:48:28,42.24,7600,42.2,U
sh603301,振德医疗,2025-09-25 14:48:34,42.24,6800,42.24,E
sh603301,振德医疗,2025-09-25 14:48:55,42.3,5800,42.27,U
sh603301,振德医疗,2025-09-25 14:49:10,42.27,9200,42.29,D
sh603301,振德医疗,2025-09-25 14:49:31,42.2,8000,42.21,D
sh603301,振德医疗,2025-09-25 14:49:34,42.2,6400,42.2,U
sh603301,振德医疗,2025-09-25 14:49:43,42.13,10900,42.18,D
sh603301,振德医疗,2025-09-25 14:49:49,42.19,18500,42.19,U
sh603301,振德医疗,2025-09-25 14:50:13,42.2,5800,42.24,D
sh603301,振德医疗,2025-09-25 14:50:19,42.2,6500,42.18,U
sh603301,振德医疗,2025-09-25 14:50:22,42.13,17300,42.2,D
sh603301,振德医疗,2025-09-25 14:50:25,42.1,12300,42.13,D
sh603301,振德医疗,2025-09-25 14:50:34,42.07,5700,42.1,D
sh603301,振德医疗,2025-09-25 14:51:25,42.1,5270,42.1,U
sh603301,振德医疗,2025-09-25 14:51:28,42.09,5730,42.1,D
sh603301,振德医疗,2025-09-25 14:51:31,42.09,12170,42.09,U
sh603301,振德医疗,2025-09-25 14:51:34,42.08,10230,42.09,D
sh603301,振德医疗,2025-09-25 14:51:37,42.08,9900,42.08,U
sh603301,振德医疗,2025-09-25 14:51:52,42.0,11170,42.01,D
sh603301,振德医疗,2025-09-25 14:51:55,42.06,8400,42.0,U
sh603301,振德医疗,2025-09-25 14:51:58,42.13,9500,42.06,U
sh603301,振德医疗,2025-09-25 14:52:01,42.03,5900,42.13,D
sh603301,振德医疗,2025-09-25 14:52:04,42.12,12900,42.03,E
sh603301,振德医疗,2025-09-25 14:52:10,41.99,20000,42.04,D
sh603301,振德医疗,2025-09-25 14:52:13,42.01,22200,41.99,E
sh603301,振德医疗,2025-09-25 14:52:22,42.08,5500,42.03,U
sh603301,振德医疗,2025-09-25 14:52:25,42.12,16500,42.08,U
sh603301,振德医疗,2025-09-25 14:52:28,42.08,17800,42.12,D
sh603301,振德医疗,2025-09-25 14:52:31,42.14,10300,42.08,U
sh603301,振德医疗,2025-09-25 14:52:40,42.12,10200,42.13,D
sh603301,振德医疗,2025-09-25 14:52:43,42.12,17500,42.12,D
sh603301,振德医疗,2025-09-25 14:52:46,42.11,6800,42.12,D
sh603301,振德医疗,2025-09-25 14:52:49,42.18,5700,42.11,U
sh603301,振德医疗,2025-09-25 14:52:52,42.11,4800,42.18,D
sh603301,振德医疗,2025-09-25 14:52:58,42.19,10800,42.17,U
sh603301,振德医疗,2025-09-25 14:53:10,42.19,7100,42.2,D
sh603301,振德医疗,2025-09-25 14:53:13,42.19,7600,42.19,D
sh603301,振德医疗,2025-09-25 14:53:28,42.25,13800,42.24,U
sh603301,振德医疗,2025-09-25 14:53:43,42.24,8200,42.24,D
sh603301,振德医疗,2025-09-25 14:53:49,42.22,10400,42.25,D
sh603301,振德医疗,2025-09-25 14:53:52,42.24,5400,42.22,U
sh603301,振德医疗,2025-09-25 14:53:58,42.21,7800,42.24,D
sh603301,振德医疗,2025-09-25 14:54:10,42.21,12200,42.17,U
sh603301,振德医疗,2025-09-25 14:54:19,42.21,6700,42.2,U
sh603301,振德医疗,2025-09-25 14:54:40,42.22,6100,42.22,D
sh603301,振德医疗,2025-09-25 14:54:46,42.22,6800,42.22,D
sh603301,振德医疗,2025-09-25 14:54:49,42.22,8000,42.22,D
sh603301,振德医疗,2025-09-25 14:54:52,42.24,6600,42.22,U
sh603301,振德医疗,2025-09-25 14:54:58,42.23,7000,42.22,U
sh603301,振德医疗,2025-09-25 14:55:04,42.23,7900,42.22,E
sh603301,振德医疗,2025-09-25 14:55:10,42.23,7300,42.22,U
sh603301,振德医疗,2025-09-25 14:55:13,42.22,8600,42.23,D
sh603301,振德医疗,2025-09-25 14:55:16,42.21,9900,42.22,D
sh603301,振德医疗,2025-09-25 14:55:22,42.22,11500,42.21,U
sh603301,振德医疗,2025-09-25 14:55:31,42.21,6800,42.2,U
sh603301,振德医疗,2025-09-25 14:55:40,42.21,6500,42.23,D
sh603301,振德医疗,2025-09-25 14:55:46,42.23,7300,42.23,D
sh603301,振德医疗,2025-09-25 14:55:49,42.23,10700,42.23,D
sh603301,振德医疗,2025-09-25 14:55:55,42.24,8000,42.23,U
sh603301,振德医疗,2025-09-25 14:56:01,42.24,12400,42.24,U
sh603301,振德医疗,2025-09-25 14:56:10,42.25,10700,42.24,U
sh603301,振德医疗,2025-09-25 14:56:16,42.27,5600,42.26,U
sh603301,振德医疗,2025-09-25 14:56:22,42.29,10800,42.28,U
sh603301,振德医疗,2025-09-25 14:56:28,42.28,13600,42.29,D
sh603301,振德医疗,2025-09-25 14:56:31,42.3,21500,42.28,U
sh603301,振德医疗,2025-09-25 14:56:37,42.3,18200,42.29,U
sh603301,振德医疗,2025-09-25 14:56:43,42.29,19600,42.28,U
sh603301,振德医疗,2025-09-25 14:56:46,42.3,6500,42.29,U
sh603301,振德医疗,2025-09-25 14:56:49,42.3,14400,42.3,U
sh603301,振德医疗,2025-09-25 14:56:55,42.3,9800,42.29,U
sh603301,振德医疗,2025-09-25 14:57:01,42.3,6100,42.29,U
sh603301,振德医疗,2025-09-25 15:00:03,42.27,126700,42.3,U
