symbol,name,ticktime,price,volume,prev_price,kind
sh603301,振德医疗,2025-10-14 09:25:01,62.97,156500,0.0,U
sh603301,振德医疗,2025-10-14 09:30:01,62.97,21400,62.97,U
sh603301,振德医疗,2025-10-14 09:30:04,62.42,29000,62.97,D
sh603301,振德医疗,2025-10-14 09:30:07,62.49,25800,62.42,U
sh603301,振德医疗,2025-10-14 09:30:10,62.31,29600,62.49,D
sh603301,振德医疗,2025-10-14 09:30:13,62.21,37700,62.31,D
sh603301,振德医疗,2025-10-14 09:30:16,62.48,30000,62.21,U
sh603301,振德医疗,2025-10-14 09:30:19,62.5,36100,62.48,U
sh603301,振德医疗,2025-10-14 09:30:22,62.0,35500,62.5,D
sh603301,振德医疗,2025-10-14 09:30:25,62.1,27200,62.0,U
sh603301,振德医疗,2025-10-14 09:30:28,61.92,11400,62.1,E
sh603301,振德医疗,2025-10-14 09:30:31,62.1,29100,61.92,U
sh603301,振德医疗,2025-10-14 09:30:34,61.92,15000,62.1,D
sh603301,振德医疗,2025-10-14 09:30:37,62.0,28100,61.92,U
sh603301,振德医疗,2025-10-14 09:30:40,62.0,13200,62.0,D
sh603301,振德医疗,2025-10-14 09:30:43,61.92,19000,62.0,U
sh603301,振德医疗,2025-10-14 09:30:46,61.92,23800,61.92,D
sh603301,振德医疗,2025-10-14 09:30:49,61.89,7000,61.92,D
sh603301,振德医疗,2025-10-14 09:30:52,61.81,13400,61.89,D
sh603301,振德医疗,2025-10-14 09:30:55,61.8,9000,61.81,U
sh603301,振德医疗,2025-10-14 09:30:58,61.91,38900,61.8,U
sh603301,振德医疗,2025-10-14 09:31:01,61.88,22200,61.91,D
sh603301,振德医疗,2025-10-14 09:31:04,61.88,19600,61.88,D
sh603301,振德医疗,2025-10-14 09:31:07,61.97,23220,61.88,U
sh603301,振德医疗,2025-10-14 09:31:10,61.88,19300,61.97,D
sh603301,振德医疗,2025-10-14 09:31:13,61.89,11400,61.88,E
sh603301,振德医疗,2025-10-14 09:31:16,61.89,31200,61.89,D
sh603301,振德医疗,2025-10-14 09:31:19,61.97,13300,61.89,U
sh603301,振德医疗,2025-10-14 09:31:22,61.89,9500,61.97,D
sh603301,振德医疗,2025-10-14 09:31:25,61.98,9400,61.89,U
sh603301,振德医疗,2025-10-14 09:31:28,61.97,6500,61.98,E
sh603301,振德医疗,2025-10-14 09:31:31,61.98,7500,61.97,U
sh603301,振德医疗,2025-10-14 09:31:34,61.98,7100,61.98,D
sh603301,振德医疗,2025-10-14 09:31:37,61.98,10500,61.98,D
sh603301,振德医疗,2025-10-14 09:31:40,62.01,10200,61.98,U
sh603301,振德医疗,2025-10-14 09:31:43,62.0,17800,62.01,D
sh603301,振德医疗,2025-10-14 09:31:46,61.99,14700,62.0,E
sh603301,振德医疗,2025-10-14 09:31:49,61.98,9000,61.99,D
sh603301,振德医疗,2025-10-14 09:31:52,61.98,26500,61.98,U
sh603301,振德医疗,2025-10-14 09:31:55,61.95,10400,61.98,D
sh603301,振德医疗,2025-10-14 09:31:58,61.97,19300,61.95,U
sh603301,振德医疗,2025-10-14 09:32:01,61.93,7600,61.97,E
sh603301,振德医疗,2025-10-14 09:32:04,61.88,4100,61.93,E
sh603301,振德医疗,2025-10-14 09:32:07,61.81,18000,61.88,D
sh603301,振德医疗,2025-10-14 09:32:10,61.58,49800,61.81,D
sh603301,振德医疗,2025-10-14 09:32:13,61.5,11600,61.58,D
sh603301,振德医疗,2025-10-14 09:32:16,61.11,11200,61.5,D
sh603301,振德医疗,2025-10-14 09:32:19,61.0,9300,61.11,D
sh603301,振德医疗,2025-10-14 09:32:22,60.79,27000,61.0,D
sh603301,振德医疗,2025-10-14 09:32:25,60.52,25600,60.79,D
sh603301,振德医疗,2025-10-14 09:32:28,60.46,15000,60.52,D
sh603301,振德医疗,2025-10-14 09:32:31,60.45,8600,60.46,D
sh603301,振德医疗,2025-10-14 09:32:34,60.44,24200,60.45,D
sh603301,振德医疗,2025-10-14 09:32:37,60.4,22300,60.44,D
sh603301,振德医疗,2025-10-14 09:32:43,60.11,17000,60.1,E
sh603301,振德医疗,2025-10-14 09:32:46,59.9,41200,60.11,D
sh603301,振德医疗,2025-10-14 09:32:49,59.9,12500,59.9,D
sh603301,振德医疗,2025-10-14 09:32:52,59.84,44200,59.9,D
sh603301,振德医疗,2025-10-14 09:32:55,59.9,34700,59.84,U
sh603301,振德医疗,2025-10-14 09:32:58,59.9,50600,59.9,D
sh603301,振德医疗,2025-10-14 09:33:01,59.9,27100,59.9,D
sh603301,振德医疗,2025-10-14 09:33:04,59.9,36000,59.9,D
sh603301,振德医疗,2025-10-14 09:33:07,60.19,23100,59.9,U
sh603301,振德医疗,2025-10-14 09:33:10,60.3,21200,60.19,U
sh603301,振德医疗,2025-10-14 09:33:13,60.4,8100,60.3,U
sh603301,振德医疗,2025-10-14 09:33:16,60.5,12771,60.4,U
sh603301,振德医疗,2025-10-14 09:33:19,60.46,11700,60.5,E
sh603301,振德医疗,2025-10-14 09:33:22,60.62,13900,60.46,D
sh603301,振德医疗,2025-10-14 09:33:25,60.79,6900,60.62,U
sh603301,振德医疗,2025-10-14 09:33:28,60.86,4200,60.79,U
sh603301,振德医疗,2025-10-14 09:33:31,60.95,24900,60.86,U
sh603301,振德医疗,2025-10-14 09:33:34,61.01,4200,60.95,E
sh603301,振德医疗,2025-10-14 09:33:37,61.5,4800,61.01,U
sh603301,振德医疗,2025-10-14 09:33:40,61.49,4200,61.5,E
sh603301,振德医疗,2025-10-14 09:33:43,61.54,40390,61.49,U
sh603301,振德医疗,2025-10-14 09:33:46,61.53,12600,61.54,D
sh603301,振德医疗,2025-10-14 09:33:49,61.5,7500,61.53,D
sh603301,振德医疗,2025-10-14 09:33:52,61.58,8400,61.5,U
sh603301,振德医疗,2025-10-14 09:33:55,61.58,15500,61.58,U
sh603301,振德医疗,2025-10-14 09:33:58,61.56,17100,61.58,D
sh603301,振德医疗,2025-10-14 09:34:01,61.65,15000,61.56,U
sh603301,振德医疗,2025-10-14 09:34:04,61.65,5400,61.65,U
sh603301,振德医疗,2025-10-14 09:34:07,61.56,14300,61.65,D
sh603301,振德医疗,2025-10-14 09:34:10,61.65,8500,61.56,U
sh603301,振德医疗,2025-10-14 09:34:13,61.7,8500,61.65,E
sh603301,振德医疗,2025-10-14 09:34:16,61.71,5000,61.7,E
sh603301,振德医疗,2025-10-14 09:34:19,61.82,8300,61.71,U
sh603301,振德医疗,2025-10-14 09:34:31,61.98,6200,61.9,U
sh603301,振德医疗,2025-10-14 09:34:34,62.0,10000,61.98,U
sh603301,振德医疗,2025-10-14 09:34:37,62.18,3800,62.0,U
sh603301,振德医疗,2025-10-14 09:34:40,62.21,5300,62.18,U
sh603301,振德医疗,2025-10-14 09:34:43,62.28,15300,62.21,U
sh603301,振德医疗,2025-10-14 09:34:46,62.28,6400,62.28,U
sh603301,振德医疗,2025-10-14 09:34:49,62.5,6400,62.28,U
sh603301,振德医疗,2025-10-14 09:34:52,62.53,5600,62.5,U
sh603301,振德医疗,2025-10-14 09:34:55,62.52,19400,62.53,D
sh603301,振德医疗,2025-10-14 09:34:58,62.5,12600,62.52,D
sh603301,振德医疗,2025-10-14 09:35:01,62.29,22900,62.5,D
sh603301,振德医疗,2025-10-14 09:35:04,62.22,30200,62.29,D
sh603301,振德医疗,2025-10-14 09:35:07,62.28,5400,62.22,U
sh603301,振德医疗,2025-10-14 09:35:10,62.22,21700,62.28,E
sh603301,振德医疗,2025-10-14 09:35:13,62.16,28700,62.22,D
sh603301,振德医疗,2025-10-14 09:35:16,62.0,7000,62.16,D
sh603301,振德医疗,2025-10-14 09:35:19,62.05,7200,62.0,U
sh603301,振德医疗,2025-10-14 09:35:22,62.0,12000,62.05,D
sh603301,振德医疗,2025-10-14 09:35:25,62.0,15500,62.0,D
sh603301,振德医疗,2025-10-14 09:35:28,62.01,16000,62.0,D
sh603301,振德医疗,2025-10-14 09:35:31,62.02,4800,62.01,U
sh603301,振德医疗,2025-10-14 09:35:34,62.03,8700,62.02,E
sh603301,振德医疗,2025-10-14 09:35:37,62.07,39500,62.03,U
sh603301,振德医疗,2025-10-14 09:35:40,62.03,7900,62.07,D
sh603301,振德医疗,2025-10-14 09:35:43,62.02,8000,62.03,D
sh603301,振德医疗,2025-10-14 09:35:46,62.08,43700,62.02,U
sh603301,振德医疗,2025-10-14 09:35:49,62.26,25700,62.08,U
sh603301,振德医疗,2025-10-14 09:35:52,62.27,4400,62.26,U
sh603301,振德医疗,2025-10-14 09:35:55,62.42,18800,62.27,U
sh603301,振德医疗,2025-10-14 09:36:07,62.51,6100,62.51,U
sh603301,振德医疗,2025-10-14 09:36:10,62.56,6000,62.51,U
sh603301,振德医疗,2025-10-14 09:36:16,62.59,3900,62.56,E
sh603301,振德医疗,2025-10-14 09:36:19,62.65,7700,62.59,U
sh603301,振德医疗,2025-10-14 09:36:22,62.65,4400,62.65,U
sh603301,振德医疗,2025-10-14 09:36:25,62.52,3200,62.65,D
sh603301,振德医疗,2025-10-14 09:36:28,62.5,14100,62.52,D
sh603301,振德医疗,2025-10-14 09:36:34,62.32,12400,62.45,U
sh603301,振德医疗,2025-10-14 09:36:37,62.3,10500,62.32,E
sh603301,振德医疗,2025-10-14 09:36:40,62.3,10400,62.3,D
sh603301,振德医疗,2025-10-14 09:36:43,62.07,3500,62.3,D
sh603301,振德医疗,2025-10-14 09:36:46,62.05,7500,62.07,D
sh603301,振德医疗,2025-10-14 09:36:52,62.03,10900,62.04,D
sh603301,振德医疗,2025-10-14 09:36:58,62.0,6600,62.01,D
sh603301,振德医疗,2025-10-14 09:37:01,62.0,23200,62.0,D
sh603301,振德医疗,2025-10-14 09:37:04,62.0,6200,62.0,D
sh603301,振德医疗,2025-10-14 09:37:07,62.0,6700,62.0,U
sh603301,振德医疗,2025-10-14 09:37:10,62.16,35500,62.0,U
sh603301,振德医疗,2025-10-14 09:37:13,62.16,10300,62.16,D
sh603301,振德医疗,2025-10-14 09:37:19,62.16,5800,62.16,D
sh603301,振德医疗,2025-10-14 09:37:25,62.33,4700,62.3,U
sh603301,振德医疗,2025-10-14 09:37:28,62.36,33200,62.33,U
sh603301,振德医疗,2025-10-14 09:37:31,62.63,7400,62.36,U
sh603301,振德医疗,2025-10-14 09:37:34,62.72,7700,62.63,U
sh603301,振德医疗,2025-10-14 09:37:37,62.96,14400,62.72,U
sh603301,振德医疗,2025-10-14 09:37:40,63.0,15900,62.96,U
sh603301,振德医疗,2025-10-14 09:37:52,63.43,13000,63.42,U
sh603301,振德医疗,2025-10-14 09:37:55,63.43,9000,63.43,U
sh603301,振德医疗,2025-10-14 09:37:58,63.53,18800,63.43,U
sh603301,振德医疗,2025-10-14 09:38:01,63.5,9200,63.53,D
sh603301,振德医疗,2025-10-14 09:38:04,63.5,40200,63.5,U
sh603301,振德医疗,2025-10-14 09:38:07,63.5,12100,63.5,U
sh603301,振德医疗,2025-10-14 09:38:10,63.8,18600,63.5,U
sh603301,振德医疗,2025-10-14 09:38:13,64.04,28200,63.8,U
sh603301,振德医疗,2025-10-14 09:38:16,64.41,4600,64.04,U
sh603301,振德医疗,2025-10-14 09:38:19,64.5,4200,64.41,U
sh603301,振德医疗,2025-10-14 09:38:22,64.46,15000,64.5,E
sh603301,振德医疗,2025-10-14 09:38:25,64.5,33400,64.46,U
sh603301,振德医疗,2025-10-14 09:38:28,64.58,18800,64.5,U
sh603301,振德医疗,2025-10-14 09:38:31,64.6,12800,64.58,U
sh603301,振德医疗,2025-10-14 09:38:34,64.66,8900,64.6,U
sh603301,振德医疗,2025-10-14 09:38:37,64.7,8300,64.66,U
sh603301,振德医疗,2025-10-14 09:38:40,64.64,34600,64.7,D
sh603301,振德医疗,2025-10-14 09:38:43,64.58,28900,64.64,D
sh603301,振德医疗,2025-10-14 09:38:46,64.58,30800,64.58,U
sh603301,振德医疗,2025-10-14 09:38:49,64.45,15300,64.58,E
sh603301,振德医疗,2025-10-14 09:38:52,64.58,16800,64.45,U
sh603301,振德医疗,2025-10-14 09:38:55,64.45,38200,64.58,U
sh603301,振德医疗,2025-10-14 09:38:58,64.45,15100,64.45,D
sh603301,振德医疗,2025-10-14 09:39:01,64.55,22100,64.45,U
sh603301,振德医疗,2025-10-14 09:39:04,64.58,6600,64.55,U
sh603301,振德医疗,2025-10-14 09:39:07,64.45,8000,64.58,D
sh603301,振德医疗,2025-10-14 09:39:10,64.57,7000,64.45,E
sh603301,振德医疗,2025-10-14 09:39:13,64.45,4000,64.57,D
sh603301,振德医疗,2025-10-14 09:39:16,64.4,6700,64.45,D
sh603301,振德医疗,2025-10-14 09:39:19,64.5,11300,64.4,U
sh603301,振德医疗,2025-10-14 09:39:22,64.4,48800,64.5,D
sh603301,振德医疗,2025-10-14 09:39:25,64.4,4100,64.4,D
sh603301,振德医疗,2025-10-14 09:39:28,64.4,7800,64.4,D
sh603301,振德医疗,2025-10-14 09:39:31,64.4,10900,64.4,U
sh603301,振德医疗,2025-10-14 09:39:34,64.19,5600,64.4,D
sh603301,振德医疗,2025-10-14 09:39:40,63.81,5800,64.0,D
sh603301,振德医疗,2025-10-14 09:39:43,63.81,3500,63.81,D
sh603301,振德医疗,2025-10-14 09:39:49,63.81,11700,63.81,U
sh603301,振德医疗,2025-10-14 09:39:52,63.81,4600,63.81,U
sh603301,振德医疗,2025-10-14 09:39:55,64.18,4100,63.81,U
sh603301,振德医疗,2025-10-14 09:39:58,63.81,6600,64.18,D
sh603301,振德医疗,2025-10-14 09:40:07,63.81,10200,63.83,D
sh603301,振德医疗,2025-10-14 09:40:13,63.81,4900,63.83,D
sh603301,振德医疗,2025-10-14 09:40:16,63.82,6200,63.81,U
sh603301,振德医疗,2025-10-14 09:40:19,63.81,6200,63.82,D
sh603301,振德医疗,2025-10-14 09:40:22,63.82,5100,63.81,E
sh603301,振德医疗,2025-10-14 09:40:31,63.86,3600,63.86,D
sh603301,振德医疗,2025-10-14 09:40:34,63.8,46300,63.86,D
sh603301,振德医疗,2025-10-14 09:40:37,63.71,5400,63.8,E
sh603301,振德医疗,2025-10-14 09:40:46,63.53,3900,63.53,U
sh603301,振德医疗,2025-10-14 09:40:52,63.47,6500,63.5,D
sh603301,振德医疗,2025-10-14 09:40:55,63.47,18800,63.47,D
sh603301,振德医疗,2025-10-14 09:40:58,63.47,6900,63.47,U
sh603301,振德医疗,2025-10-14 09:41:07,63.43,4800,63.3,U
sh603301,振德医疗,2025-10-14 09:41:13,63.42,5700,63.42,U
sh603301,振德医疗,2025-10-14 09:41:19,63.42,3300,63.42,D
sh603301,振德医疗,2025-10-14 09:41:25,63.42,6200,63.47,U
sh603301,振德医疗,2025-10-14 09:41:31,63.51,3300,63.42,U
sh603301,振德医疗,2025-10-14 09:41:40,63.53,8500,63.79,D
sh603301,振德医疗,2025-10-14 09:41:43,63.53,8400,63.53,D
sh603301,振德医疗,2025-10-14 09:41:52,63.78,4100,63.78,U
sh603301,振德医疗,2025-10-14 09:42:01,63.42,83600,63.78,D
sh603301,振德医疗,2025-10-14 09:42:04,63.42,8400,63.42,U
sh603301,振德医疗,2025-10-14 09:42:07,63.18,5900,63.42,D
sh603301,振德医疗,2025-10-14 09:42:13,63.18,5200,63.18,D
sh603301,振德医疗,2025-10-14 09:42:16,63.18,10300,63.18,D
sh603301,振德医疗,2025-10-14 09:42:19,63.18,5400,63.18,U
sh603301,振德医疗,2025-10-14 09:42:25,63.0,17100,63.09,D
sh603301,振德医疗,2025-10-14 09:42:28,63.03,6300,63.0,U
sh603301,振德医疗,2025-10-14 09:42:31,63.03,15800,63.03,D
sh603301,振德医疗,2025-10-14 09:42:34,63.01,7100,63.03,D
sh603301,振德医疗,2025-10-14 09:42:40,63.01,4300,63.01,U
sh603301,振德医疗,2025-10-14 09:42:43,63.0,5800,63.01,D
sh603301,振德医疗,2025-10-14 09:42:46,63.0,4700,63.0,D
sh603301,振德医疗,2025-10-14 09:42:49,63.0,6800,63.0,D
sh603301,振德医疗,2025-10-14 09:42:52,63.1,8500,63.0,U
sh603301,振德医疗,2025-10-14 09:42:55,63.0,14600,63.1,D
sh603301,振德医疗,2025-10-14 09:43:13,63.08,3500,63.29,D
sh603301,振德医疗,2025-10-14 09:43:31,63.21,5200,63.26,D
sh603301,振德医疗,2025-10-14 09:43:34,63.17,9400,63.21,D
sh603301,振德医疗,2025-10-14 09:43:46,63.17,9400,63.09,U
sh603301,振德医疗,2025-10-14 09:43:55,63.08,4400,63.07,U
sh603301,振德医疗,2025-10-14 09:43:58,63.07,4000,63.08,D
sh603301,振德医疗,2025-10-14 09:44:07,63.41,6700,63.18,U
sh603301,振德医疗,2025-10-14 09:44:10,63.42,19300,63.41,U
sh603301,振德医疗,2025-10-14 09:44:31,63.84,6900,63.84,U
sh603301,振德医疗,2025-10-14 09:44:37,64.0,5700,64.0,U
sh603301,振德医疗,2025-10-14 09:44:55,64.16,4600,64.15,U
sh603301,振德医疗,2025-10-14 09:44:58,64.11,9700,64.16,D
sh603301,振德医疗,2025-10-14 09:45:01,63.98,11300,64.11,D
sh603301,振德医疗,2025-10-14 09:45:04,63.98,3600,63.98,U
sh603301,振德医疗,2025-10-14 09:45:07,63.8,25400,63.98,D
sh603301,振德医疗,2025-10-14 09:45:10,63.83,11300,63.8,E
sh603301,振德医疗,2025-10-14 09:45:16,63.98,11400,63.97,U
sh603301,振德医疗,2025-10-14 09:45:19,64.19,6200,63.98,U
sh603301,振德医疗,2025-10-14 09:45:22,64.0,15400,64.19,D
sh603301,振德医疗,2025-10-14 09:45:31,64.28,3300,64.23,U
sh603301,振德医疗,2025-10-14 09:45:49,64.38,12600,64.39,D
sh603301,振德医疗,2025-10-14 09:45:52,64.34,9800,64.38,D
sh603301,振德医疗,2025-10-14 09:45:55,64.2,16500,64.34,D
sh603301,振德医疗,2025-10-14 09:46:01,64.38,10400,64.33,U
sh603301,振德医疗,2025-10-14 09:46:04,64.2,16600,64.38,U
sh603301,振德医疗,2025-10-14 09:46:10,64.01,7000,64.11,D
sh603301,振德医疗,2025-10-14 09:46:16,63.89,5800,64.02,D
sh603301,振德医疗,2025-10-14 09:46:40,63.89,16100,63.89,U
sh603301,振德医疗,2025-10-14 09:46:58,64.0,14300,64.0,U
sh603301,振德医疗,2025-10-14 09:47:01,64.0,4400,64.0,U
sh603301,振德医疗,2025-10-14 09:47:10,63.87,3800,63.89,D
sh603301,振德医疗,2025-10-14 09:47:34,63.85,7100,63.85,U
sh603301,振德医疗,2025-10-14 09:47:37,64.02,18100,63.85,U
sh603301,振德医疗,2025-10-14 09:47:43,64.02,3700,64.07,D
sh603301,振德医疗,2025-10-14 09:48:01,64.12,18000,64.1,U
sh603301,振德医疗,2025-10-14 09:48:31,64.19,3900,64.2,E
sh603301,振德医疗,2025-10-14 09:48:34,64.18,4800,64.19,E
sh603301,振德医疗,2025-10-14 09:48:55,64.15,5400,64.18,D
sh603301,振德医疗,2025-10-14 09:48:58,64.15,3300,64.15,U
sh603301,振德医疗,2025-10-14 09:49:04,63.99,19300,64.15,D
sh603301,振德医疗,2025-10-14 09:49:40,63.9,3500,63.9,D
sh603301,振德医疗,2025-10-14 09:49:43,64.1,9700,63.9,U
sh603301,振德医疗,2025-10-14 09:49:46,64.0,24700,64.1,D
sh603301,振德医疗,2025-10-14 09:50:07,64.15,3200,64.14,E
sh603301,振德医疗,2025-10-14 09:50:10,64.14,3300,64.15,D
sh603301,振德医疗,2025-10-14 09:50:19,64.1,3700,64.1,D
sh603301,振德医疗,2025-10-14 09:50:25,63.9,5800,64.0,D
sh603301,振德医疗,2025-10-14 09:50:58,64.0,4000,63.97,U
sh603301,振德医疗,2025-10-14 09:51:04,63.97,11800,64.0,D
sh603301,振德医疗,2025-10-14 09:51:25,64.0,9900,63.92,U
sh603301,振德医疗,2025-10-14 09:51:40,64.08,13200,64.07,E
sh603301,振德医疗,2025-10-14 09:51:43,64.09,5200,64.08,E
sh603301,振德医疗,2025-10-14 09:51:46,64.13,3200,64.09,U
sh603301,振德医疗,2025-10-14 09:51:52,64.15,38100,64.09,U
sh603301,振德医疗,2025-10-14 09:51:55,64.3,9800,64.15,U
sh603301,振德医疗,2025-10-14 09:52:07,64.3,5800,64.3,U
sh603301,振德医疗,2025-10-14 09:52:10,64.3,3200,64.3,U
sh603301,振德医疗,2025-10-14 09:52:16,64.44,29400,64.3,U
sh603301,振德医疗,2025-10-14 09:52:19,64.51,14300,64.44,U
sh603301,振德医疗,2025-10-14 09:52:22,64.66,4800,64.51,U
sh603301,振德医疗,2025-10-14 09:52:28,64.7,4400,64.68,U
sh603301,振德医疗,2025-10-14 09:52:34,64.79,13800,64.7,U
sh603301,振德医疗,2025-10-14 09:52:37,64.72,6700,64.79,D
sh603301,振德医疗,2025-10-14 09:52:40,64.72,6900,64.72,D
sh603301,振德医疗,2025-10-14 09:52:43,64.79,9800,64.72,U
sh603301,振德医疗,2025-10-14 09:52:46,64.8,22500,64.79,U
sh603301,振德医疗,2025-10-14 09:52:49,64.71,5600,64.8,E
sh603301,振德医疗,2025-10-14 09:52:52,64.81,14300,64.71,U
sh603301,振德医疗,2025-10-14 09:53:04,64.93,3800,64.9,U
sh603301,振德医疗,2025-10-14 09:53:10,64.93,16700,64.93,U
sh603301,振德医疗,2025-10-14 09:53:13,64.61,64500,64.93,D
sh603301,振德医疗,2025-10-14 09:53:16,64.5,46900,64.61,D
sh603301,振德医疗,2025-10-14 09:53:19,64.34,18700,64.5,D
sh603301,振德医疗,2025-10-14 09:53:28,64.46,13600,64.15,U
sh603301,振德医疗,2025-10-14 09:53:31,64.42,3300,64.46,E
sh603301,振德医疗,2025-10-14 09:53:37,64.46,5200,64.51,D
sh603301,振德医疗,2025-10-14 09:53:49,64.55,13300,64.66,D
sh603301,振德医疗,2025-10-14 09:53:52,64.57,3200,64.55,E
sh603301,振德医疗,2025-10-14 09:53:55,64.66,13100,64.57,U
sh603301,振德医疗,2025-10-14 09:53:58,64.67,10300,64.66,U
sh603301,振德医疗,2025-10-14 09:54:04,64.46,33100,64.56,D
sh603301,振德医疗,2025-10-14 09:54:07,64.7,5800,64.46,U
sh603301,振德医疗,2025-10-14 09:54:10,64.66,9500,64.7,D
sh603301,振德医疗,2025-10-14 09:54:13,64.84,12000,64.66,U
sh603301,振德医疗,2025-10-14 09:54:19,64.7,11100,64.69,U
sh603301,振德医疗,2025-10-14 09:54:22,64.84,10400,64.7,U
sh603301,振德医疗,2025-10-14 09:54:31,64.88,5400,64.84,U
sh603301,振德医疗,2025-10-14 09:54:37,64.89,5200,64.89,E
sh603301,振德医疗,2025-10-14 09:54:46,64.95,4300,64.93,U
sh603301,振德医疗,2025-10-14 09:54:49,64.93,8000,64.95,D
sh603301,振德医疗,2025-10-14 09:54:52,64.91,31200,64.93,D
sh603301,振德医疗,2025-10-14 09:54:55,64.61,10600,64.91,D
sh603301,振德医疗,2025-10-14 09:55:16,64.84,3500,64.84,D
sh603301,振德医疗,2025-10-14 09:55:19,64.93,3400,64.84,U
sh603301,振德医疗,2025-10-14 09:55:25,64.99,12500,64.95,U
sh603301,振德医疗,2025-10-14 09:55:28,65.0,79500,64.99,U
sh603301,振德医疗,2025-10-14 09:55:31,65.1,35760,65.0,U
sh603301,振德医疗,2025-10-14 09:55:34,65.11,12800,65.1,U
sh603301,振德医疗,2025-10-14 09:55:40,65.18,4100,65.18,U
sh603301,振德医疗,2025-10-14 09:55:49,65.25,22500,65.38,D
sh603301,振德医疗,2025-10-14 09:55:52,65.18,29500,65.25,D
sh603301,振德医疗,2025-10-14 09:55:58,65.15,6600,65.18,E
sh603301,振德医疗,2025-10-14 09:56:01,65.18,13900,65.15,U
sh603301,振德医疗,2025-10-14 09:56:04,65.16,12800,65.18,D
sh603301,振德医疗,2025-10-14 09:56:13,65.22,8200,65.3,E
sh603301,振德医疗,2025-10-14 09:56:22,65.4,3200,65.4,U
sh603301,振德医疗,2025-10-14 09:56:25,65.4,12800,65.4,U
sh603301,振德医疗,2025-10-14 09:56:28,65.4,5200,65.4,D
sh603301,振德医疗,2025-10-14 09:56:31,65.42,3900,65.4,U
sh603301,振德医疗,2025-10-14 09:56:34,65.32,5500,65.42,D
sh603301,振德医疗,2025-10-14 09:56:40,65.2,11900,65.4,D
sh603301,振德医疗,2025-10-14 09:56:43,65.4,22100,65.2,U
sh603301,振德医疗,2025-10-14 09:56:46,65.01,3900,65.4,D
sh603301,振德医疗,2025-10-14 09:56:58,65.4,5400,65.28,U
sh603301,振德医疗,2025-10-14 09:57:04,65.22,4000,65.15,U
sh603301,振德医疗,2025-10-14 09:57:16,65.39,6000,65.28,E
sh603301,振德医疗,2025-10-14 09:57:22,65.38,4800,65.29,E
sh603301,振德医疗,2025-10-14 09:57:28,65.37,12900,65.38,E
sh603301,振德医疗,2025-10-14 09:57:31,65.38,10400,65.37,U
sh603301,振德医疗,2025-10-14 09:57:34,65.38,8000,65.38,U
sh603301,振德医疗,2025-10-14 09:57:37,65.22,17713,65.38,D
sh603301,振德医疗,2025-10-14 09:57:43,65.17,5800,65.17,D
sh603301,振德医疗,2025-10-14 09:58:01,65.2,3400,65.18,D
sh603301,振德医疗,2025-10-14 09:58:04,65.17,7500,65.2,D
sh603301,振德医疗,2025-10-14 09:58:07,65.2,9100,65.17,U
sh603301,振德医疗,2025-10-14 09:58:25,65.3,5200,65.34,D
sh603301,振德医疗,2025-10-14 09:58:28,65.3,8300,65.3,U
sh603301,振德医疗,2025-10-14 09:58:34,65.32,4300,65.3,U
sh603301,振德医疗,2025-10-14 09:58:37,65.33,3800,65.32,D
sh603301,振德医疗,2025-10-14 09:58:40,65.36,5400,65.33,U
sh603301,振德医疗,2025-10-14 09:58:49,65.4,4400,65.39,U
sh603301,振德医疗,2025-10-14 09:59:01,65.43,6000,65.42,U
sh603301,振德医疗,2025-10-14 09:59:10,65.32,33400,65.42,D
sh603301,振德医疗,2025-10-14 09:59:13,65.19,8000,65.32,D
sh603301,振德医疗,2025-10-14 09:59:16,65.19,29100,65.19,U
sh603301,振德医疗,2025-10-14 09:59:19,65.26,11900,65.19,U
sh603301,振德医疗,2025-10-14 09:59:22,65.38,3900,65.26,U
sh603301,振德医疗,2025-10-14 09:59:37,65.33,6200,65.38,D
sh603301,振德医疗,2025-10-14 09:59:40,65.43,4200,65.33,U
sh603301,振德医疗,2025-10-14 09:59:46,65.33,4400,65.33,U
sh603301,振德医疗,2025-10-14 10:00:01,65.42,3600,65.4,U
sh603301,振德医疗,2025-10-14 10:00:04,65.33,3400,65.42,D
sh603301,振德医疗,2025-10-14 10:00:13,65.33,5600,65.35,D
sh603301,振德医疗,2025-10-14 10:00:28,65.17,14300,65.2,D
sh603301,振德医疗,2025-10-14 10:00:34,65.1,6600,65.11,D
sh603301,振德医疗,2025-10-14 10:00:40,65.03,13400,65.08,D
sh603301,振德医疗,2025-10-14 10:00:46,64.98,5200,65.0,D
sh603301,振德医疗,2025-10-14 10:00:55,65.08,28540,64.92,U
sh603301,振德医疗,2025-10-14 10:00:58,65.2,3700,65.08,U
sh603301,振德医疗,2025-10-14 10:01:16,65.4,8400,65.4,U
sh603301,振德医疗,2025-10-14 10:01:19,65.59,52300,65.4,U
sh603301,振德医疗,2025-10-14 10:01:22,65.68,4200,65.59,U
sh603301,振德医疗,2025-10-14 10:01:34,65.8,6500,65.8,U
sh603301,振德医疗,2025-10-14 10:01:37,65.81,11400,65.8,U
sh603301,振德医疗,2025-10-14 10:01:40,65.85,3900,65.81,E
sh603301,振德医疗,2025-10-14 10:01:43,65.85,14200,65.85,U
sh603301,振德医疗,2025-10-14 10:01:49,65.84,4500,65.85,D
sh603301,振德医疗,2025-10-14 10:01:52,65.83,14500,65.84,E
sh603301,振德医疗,2025-10-14 10:01:55,65.8,6900,65.83,D
sh603301,振德医疗,2025-10-14 10:01:58,65.87,4800,65.8,U
sh603301,振德医疗,2025-10-14 10:02:07,65.54,8000,65.6,D
sh603301,振德医疗,2025-10-14 10:02:10,65.44,4700,65.54,E
sh603301,振德医疗,2025-10-14 10:02:34,65.49,3900,65.39,E
sh603301,振德医疗,2025-10-14 10:03:01,65.54,6400,65.63,D
sh603301,振德医疗,2025-10-14 10:03:04,65.41,51200,65.54,D
sh603301,振德医疗,2025-10-14 10:03:07,65.1,4500,65.41,D
sh603301,振德医疗,2025-10-14 10:03:19,65.09,6100,64.99,E
sh603301,振德医疗,2025-10-14 10:03:22,65.1,8700,65.09,U
sh603301,振德医疗,2025-10-14 10:03:25,65.12,17800,65.1,D
sh603301,振德医疗,2025-10-14 10:03:28,65.23,18875,65.12,U
sh603301,振德医疗,2025-10-14 10:03:31,65.12,6100,65.23,D
sh603301,振德医疗,2025-10-14 10:03:34,65.37,3200,65.12,E
sh603301,振德医疗,2025-10-14 10:03:40,65.04,11200,65.13,D
sh603301,振德医疗,2025-10-14 10:03:49,65.27,3300,65.19,U
sh603301,振德医疗,2025-10-14 10:04:07,65.01,5400,65.13,D
sh603301,振德医疗,2025-10-14 10:04:10,65.0,7000,65.01,D
sh603301,振德医疗,2025-10-14 10:04:13,64.95,6000,65.0,D
sh603301,振德医疗,2025-10-14 10:04:16,64.98,6700,64.95,U
sh603301,振德医疗,2025-10-14 10:04:19,64.94,6100,64.98,D
sh603301,振德医疗,2025-10-14 10:04:22,65.0,4900,64.94,U
sh603301,振德医疗,2025-10-14 10:04:25,65.18,5400,65.0,U
sh603301,振德医疗,2025-10-14 10:04:28,65.0,12500,65.18,D
sh603301,振德医疗,2025-10-14 10:04:52,65.01,13400,65.01,D
sh603301,振德医疗,2025-10-14 10:05:01,65.01,4800,65.02,D
sh603301,振德医疗,2025-10-14 10:05:04,65.01,7900,65.01,D
sh603301,振德医疗,2025-10-14 10:05:10,65.0,12300,65.02,D
sh603301,振德医疗,2025-10-14 10:05:13,64.99,9800,65.0,D
sh603301,振德医疗,2025-10-14 10:05:16,64.99,3100,64.99,E
sh603301,振德医疗,2025-10-14 10:05:22,64.95,3900,64.99,D
sh603301,振德医疗,2025-10-14 10:05:25,64.95,5400,64.95,U
sh603301,振德医疗,2025-10-14 10:05:37,64.95,4700,64.99,D
sh603301,振德医疗,2025-10-14 10:05:43,64.99,6100,64.99,U
sh603301,振德医疗,2025-10-14 10:05:46,64.95,9000,64.99,D
sh603301,振德医疗,2025-10-14 10:06:01,65.0,11500,64.99,U
sh603301,振德医疗,2025-10-14 10:06:04,64.95,6200,65.0,D
sh603301,振德医疗,2025-10-14 10:06:07,64.95,21100,64.95,U
sh603301,振德医疗,2025-10-14 10:06:10,64.95,11000,64.95,U
sh603301,振德医疗,2025-10-14 10:06:19,64.96,13400,64.95,U
sh603301,振德医疗,2025-10-14 10:06:28,65.2,8900,65.19,U
sh603301,振德医疗,2025-10-14 10:06:31,65.27,4300,65.2,U
sh603301,振德医疗,2025-10-14 10:06:37,65.38,10400,65.35,U
sh603301,振德医疗,2025-10-14 10:06:43,65.67,13300,65.5,U
sh603301,振德医疗,2025-10-14 10:06:49,65.67,12800,65.53,E
sh603301,振德医疗,2025-10-14 10:07:04,65.85,4600,65.81,U
sh603301,振德医疗,2025-10-14 10:07:07,65.8,5900,65.85,D
sh603301,振德医疗,2025-10-14 10:07:10,65.78,8500,65.8,D
sh603301,振德医疗,2025-10-14 10:07:13,65.68,27400,65.78,D
sh603301,振德医疗,2025-10-14 10:07:16,65.58,17700,65.68,D
sh603301,振德医疗,2025-10-14 10:07:19,65.58,4200,65.58,U
sh603301,振德医疗,2025-10-14 10:07:22,65.35,13100,65.58,D
sh603301,振德医疗,2025-10-14 10:07:25,65.45,5900,65.35,U
sh603301,振德医疗,2025-10-14 10:07:28,65.45,4200,65.45,U
sh603301,振德医疗,2025-10-14 10:07:31,65.37,5700,65.45,D
sh603301,振德医疗,2025-10-14 10:07:34,65.45,4000,65.37,U
sh603301,振德医疗,2025-10-14 10:07:40,65.39,3700,65.38,E
sh603301,振德医疗,2025-10-14 10:08:01,65.57,18900,65.6,D
sh603301,振德医疗,2025-10-14 10:08:07,65.68,4900,65.78,E
sh603301,振德医疗,2025-10-14 10:08:10,65.8,3200,65.68,U
sh603301,振德医疗,2025-10-14 10:08:13,65.86,15200,65.8,U
sh603301,振德医疗,2025-10-14 10:08:16,65.86,5500,65.86,D
sh603301,振德医疗,2025-10-14 10:08:19,65.88,15700,65.86,U
sh603301,振德医疗,2025-10-14 10:08:22,65.88,3700,65.88,U
sh603301,振德医疗,2025-10-14 10:08:25,65.86,15500,65.88,E
sh603301,振德医疗,2025-10-14 10:08:28,65.88,15100,65.86,U
sh603301,振德医疗,2025-10-14 10:08:31,65.8,21400,65.88,D
sh603301,振德医疗,2025-10-14 10:08:34,65.8,16700,65.8,D
sh603301,振德医疗,2025-10-14 10:08:46,65.9,10520,65.88,U
sh603301,振德医疗,2025-10-14 10:08:49,65.9,10800,65.9,U
sh603301,振德医疗,2025-10-14 10:08:58,65.95,3300,65.93,U
sh603301,振德医疗,2025-10-14 10:09:01,65.95,4100,65.95,U
sh603301,振德医疗,2025-10-14 10:09:04,65.98,13400,65.95,U
sh603301,振德医疗,2025-10-14 10:09:07,65.99,5900,65.98,U
sh603301,振德医疗,2025-10-14 10:09:10,66.0,4100,65.99,U
sh603301,振德医疗,2025-10-14 10:09:13,66.0,13000,66.0,U
sh603301,振德医疗,2025-10-14 10:09:16,66.15,23900,66.0,U
sh603301,振德医疗,2025-10-14 10:09:19,65.95,31800,66.15,D
sh603301,振德医疗,2025-10-14 10:09:22,65.81,46880,65.95,D
sh603301,振德医疗,2025-10-14 10:09:25,65.89,3600,65.81,U
sh603301,振德医疗,2025-10-14 10:09:34,65.86,10800,65.86,D
sh603301,振德医疗,2025-10-14 10:09:37,65.87,9400,65.86,U
sh603301,振德医疗,2025-10-14 10:09:46,65.93,5900,65.89,U
sh603301,振德医疗,2025-10-14 10:09:52,65.86,6700,65.89,D
sh603301,振德医疗,2025-10-14 10:09:55,65.87,3100,65.86,U
sh603301,振德医疗,2025-10-14 10:09:58,65.78,14200,65.87,D
sh603301,振德医疗,2025-10-14 10:10:04,65.78,9600,65.68,U
sh603301,振德医疗,2025-10-14 10:10:13,65.68,8400,65.83,D
sh603301,振德医疗,2025-10-14 10:10:34,65.68,3900,65.7,D
sh603301,振德医疗,2025-10-14 10:10:37,65.82,11000,65.68,U
sh603301,振德医疗,2025-10-14 10:10:43,65.81,14300,65.8,U
sh603301,振德医疗,2025-10-14 10:10:49,65.81,6800,65.81,U
sh603301,振德医疗,2025-10-14 10:10:52,65.8,3200,65.81,D
sh603301,振德医疗,2025-10-14 10:10:55,65.66,11800,65.8,D
sh603301,振德医疗,2025-10-14 10:11:13,65.69,10700,65.69,D
sh603301,振德医疗,2025-10-14 10:11:16,65.78,8200,65.69,E
sh603301,振德医疗,2025-10-14 10:12:13,65.61,4900,65.58,E
sh603301,振德医疗,2025-10-14 10:12:25,65.65,11600,65.65,U
sh603301,振德医疗,2025-10-14 10:12:46,65.67,21900,65.68,D
sh603301,振德医疗,2025-10-14 10:12:49,65.67,12300,65.67,U
sh603301,振德医疗,2025-10-14 10:12:55,65.67,3100,65.67,U
sh603301,振德医疗,2025-10-14 10:13:10,65.5,9300,65.58,D
sh603301,振德医疗,2025-10-14 10:13:13,65.37,12000,65.5,D
sh603301,振德医疗,2025-10-14 10:13:16,65.35,4100,65.37,D
sh603301,振德医疗,2025-10-14 10:13:19,65.22,10100,65.35,D
sh603301,振德医疗,2025-10-14 10:13:22,65.2,16000,65.22,D
sh603301,振德医疗,2025-10-14 10:13:25,65.19,7200,65.2,D
sh603301,振德医疗,2025-10-14 10:13:28,65.12,10400,65.19,D
sh603301,振德医疗,2025-10-14 10:13:31,65.11,8000,65.12,D
sh603301,振德医疗,2025-10-14 10:13:37,65.06,12900,65.11,D
sh603301,振德医疗,2025-10-14 10:13:43,65.11,3900,65.11,U
sh603301,振德医疗,2025-10-14 10:13:49,65.14,12200,65.06,U
sh603301,振德医疗,2025-10-14 10:13:52,65.17,23000,65.14,D
sh603301,振德医疗,2025-10-14 10:14:07,65.35,10900,65.35,U
sh603301,振德医疗,2025-10-14 10:14:10,65.35,4200,65.35,U
sh603301,振德医疗,2025-10-14 10:14:25,65.41,5700,65.37,U
sh603301,振德医疗,2025-10-14 10:14:28,65.41,34000,65.41,D
sh603301,振德医疗,2025-10-14 10:14:55,65.22,28000,65.34,D
sh603301,振德医疗,2025-10-14 10:15:01,65.18,17500,65.18,U
sh603301,振德医疗,2025-10-14 10:15:07,65.18,5100,65.18,U
sh603301,振德医疗,2025-10-14 10:15:40,65.0,30300,65.13,D
sh603301,振德医疗,2025-10-14 10:15:49,65.09,5400,65.0,U
sh603301,振德医疗,2025-10-14 10:15:52,65.09,3600,65.09,D
sh603301,振德医疗,2025-10-14 10:15:55,65.09,5000,65.09,D
sh603301,振德医疗,2025-10-14 10:15:58,65.09,3700,65.09,D
sh603301,振德医疗,2025-10-14 10:16:13,65.13,4200,65.1,U
sh603301,振德医疗,2025-10-14 10:16:19,65.14,3300,65.17,D
sh603301,振德医疗,2025-10-14 10:16:31,65.23,6500,65.19,U
sh603301,振德医疗,2025-10-14 10:16:40,65.23,27500,65.23,U
sh603301,振德医疗,2025-10-14 10:17:01,65.37,12800,65.39,D
sh603301,振德医疗,2025-10-14 10:17:25,65.31,4100,65.36,D
sh603301,振德医疗,2025-10-14 10:17:31,65.31,5300,65.31,U
sh603301,振德医疗,2025-10-14 10:17:49,65.31,13000,65.3,U
sh603301,振德医疗,2025-10-14 10:18:01,65.31,10000,65.3,U
sh603301,振德医疗,2025-10-14 10:18:13,65.29,3100,65.3,D
sh603301,振德医疗,2025-10-14 10:18:19,65.33,7100,65.3,U
sh603301,振德医疗,2025-10-14 10:18:43,65.37,4600,65.39,D
sh603301,振德医疗,2025-10-14 10:19:25,65.39,4300,65.34,U
sh603301,振德医疗,2025-10-14 10:20:01,65.58,3300,65.57,U
sh603301,振德医疗,2025-10-14 10:20:22,65.48,7200,65.51,D
sh603301,振德医疗,2025-10-14 10:20:43,65.47,4200,65.31,U
sh603301,振德医疗,2025-10-14 10:20:52,65.47,3500,65.48,E
sh603301,振德医疗,2025-10-14 10:21:34,65.45,3100,65.44,E
sh603301,振德医疗,2025-10-14 10:21:37,65.5,3700,65.45,U
sh603301,振德医疗,2025-10-14 10:21:43,65.57,3100,65.52,U
sh603301,振德医疗,2025-10-14 10:22:01,65.57,3300,65.57,D
sh603301,振德医疗,2025-10-14 10:22:10,65.58,5100,65.58,U
sh603301,振德医疗,2025-10-14 10:22:13,65.58,8800,65.58,U
sh603301,振德医疗,2025-10-14 10:22:16,65.58,4700,65.58,U
sh603301,振德医疗,2025-10-14 10:22:19,65.58,9200,65.58,U
sh603301,振德医疗,2025-10-14 10:22:22,65.6,5900,65.58,U
sh603301,振德医疗,2025-10-14 10:22:52,65.48,5800,65.56,D
sh603301,振德医疗,2025-10-14 10:22:58,65.55,7700,65.48,U
sh603301,振德医疗,2025-10-14 10:23:16,65.56,5600,65.63,D
sh603301,振德医疗,2025-10-14 10:23:31,65.38,4100,65.49,D
sh603301,振德医疗,2025-10-14 10:24:49,65.33,4200,65.32,U
sh603301,振德医疗,2025-10-14 10:24:52,65.4,3500,65.33,U
sh603301,振德医疗,2025-10-14 10:25:13,65.3,18400,65.33,D
sh603301,振德医疗,2025-10-14 10:26:55,65.14,15200,65.05,U
sh603301,振德医疗,2025-10-14 10:27:19,65.29,5000,65.31,D
sh603301,振德医疗,2025-10-14 10:27:31,65.27,4300,65.27,D
sh603301,振德医疗,2025-10-14 10:27:34,65.27,31100,65.27,U
sh603301,振德医疗,2025-10-14 10:28:49,65.26,5400,65.23,U
sh603301,振德医疗,2025-10-14 10:30:52,65.2,7400,65.21,D
sh603301,振德医疗,2025-10-14 10:31:28,65.2,17300,65.14,U
sh603301,振德医疗,2025-10-14 10:31:31,65.21,3400,65.2,U
sh603301,振德医疗,2025-10-14 10:31:43,65.2,6400,65.21,E
sh603301,振德医疗,2025-10-14 10:32:01,65.18,3700,65.21,D
sh603301,振德医疗,2025-10-14 10:32:16,65.18,5900,65.18,U
sh603301,振德医疗,2025-10-14 10:32:22,65.3,40900,65.23,U
sh603301,振德医疗,2025-10-14 10:32:25,65.24,3400,65.3,D
sh603301,振德医疗,2025-10-14 10:33:49,65.29,4400,65.21,U
sh603301,振德医疗,2025-10-14 10:34:04,65.18,34900,65.21,D
sh603301,振德医疗,2025-10-14 10:34:07,65.18,13900,65.18,D
sh603301,振德医疗,2025-10-14 10:34:10,65.18,7200,65.18,D
sh603301,振德医疗,2025-10-14 10:34:13,65.19,5600,65.18,E
sh603301,振德医疗,2025-10-14 10:34:19,65.18,4900,65.18,D
sh603301,振德医疗,2025-10-14 10:34:37,65.19,13800,65.18,U
sh603301,振德医疗,2025-10-14 10:35:01,65.23,8400,65.21,U
sh603301,振德医疗,2025-10-14 10:35:19,65.27,8300,65.29,E
sh603301,振德医疗,2025-10-14 10:35:28,65.27,6900,65.27,U
sh603301,振德医疗,2025-10-14 10:35:43,65.24,5600,65.24,D
sh603301,振德医疗,2025-10-14 10:35:55,65.27,4600,65.27,U
sh603301,振德医疗,2025-10-14 10:36:19,65.24,9600,65.25,D
sh603301,振德医疗,2025-10-14 10:37:01,65.18,47900,65.2,D
sh603301,振德医疗,2025-10-14 10:37:07,65.01,21000,65.14,D
sh603301,振德医疗,2025-10-14 10:37:10,65.01,3600,65.01,E
sh603301,振德医疗,2025-10-14 10:37:16,64.94,13300,65.0,D
sh603301,振德医疗,2025-10-14 10:37:22,64.98,3500,64.94,U
sh603301,振德医疗,2025-10-14 10:37:46,64.9,3100,64.9,D
sh603301,振德医疗,2025-10-14 10:37:49,64.9,4100,64.9,D
sh603301,振德医疗,2025-10-14 10:37:55,64.9,19400,64.9,D
sh603301,振德医疗,2025-10-14 10:38:34,64.81,5200,64.79,U
sh603301,振德医疗,2025-10-14 10:38:49,64.87,3400,64.86,E
sh603301,振德医疗,2025-10-14 10:39:31,64.86,9400,64.86,U
sh603301,振德医疗,2025-10-14 10:40:16,64.89,3200,64.88,U
sh603301,振德医疗,2025-10-14 10:40:19,64.9,6473,64.89,U
sh603301,振德医疗,2025-10-14 10:40:22,65.0,6700,64.9,U
sh603301,振德医疗,2025-10-14 10:40:43,65.24,3200,65.24,U
sh603301,振德医疗,2025-10-14 10:40:46,65.24,6500,65.24,U
sh603301,振德医疗,2025-10-14 10:40:58,65.21,6400,65.22,D
sh603301,振德医疗,2025-10-14 10:42:07,65.2,4200,65.2,U
sh603301,振德医疗,2025-10-14 10:42:10,65.2,3200,65.2,U
sh603301,振德医疗,2025-10-14 10:42:40,65.24,3800,65.24,D
sh603301,振德医疗,2025-10-14 10:42:43,65.26,11900,65.24,U
sh603301,振德医疗,2025-10-14 10:43:07,65.24,3200,65.24,U
sh603301,振德医疗,2025-10-14 10:44:10,65.19,3200,65.14,U
sh603301,振德医疗,2025-10-14 10:44:55,65.1,3700,65.1,U
sh603301,振德医疗,2025-10-14 10:45:49,65.15,3200,65.14,U
sh603301,振德医疗,2025-10-14 10:47:13,65.16,3900,65.17,D
sh603301,振德医疗,2025-10-14 10:47:16,65.16,3500,65.16,D
sh603301,振德医疗,2025-10-14 10:47:19,65.16,3300,65.16,D
sh603301,振德医疗,2025-10-14 10:47:22,65.13,3800,65.16,D
sh603301,振德医疗,2025-10-14 10:47:43,65.0,10100,65.03,D
sh603301,振德医疗,2025-10-14 10:48:49,64.88,4100,64.9,D
sh603301,振德医疗,2025-10-14 10:50:04,64.94,14300,65.0,D
sh603301,振德医疗,2025-10-14 10:50:19,65.0,6400,64.94,U
sh603301,振德医疗,2025-10-14 10:50:22,65.1,6400,65.0,U
sh603301,振德医疗,2025-10-14 10:51:19,65.0,4700,65.08,D
sh603301,振德医疗,2025-10-14 10:51:55,64.99,5000,64.99,D
sh603301,振德医疗,2025-10-14 10:52:04,64.97,6900,65.0,D
sh603301,振德医疗,2025-10-14 10:52:07,64.88,6300,64.97,D
sh603301,振德医疗,2025-10-14 10:52:10,64.88,9100,64.88,D
sh603301,振德医疗,2025-10-14 10:52:22,64.81,3300,64.8,U
sh603301,振德医疗,2025-10-14 10:52:25,64.78,64777,64.81,D
sh603301,振德医疗,2025-10-14 10:52:31,64.74,4900,64.76,D
sh603301,振德医疗,2025-10-14 10:52:34,64.74,3200,64.74,D
sh603301,振德医疗,2025-10-14 10:52:46,64.72,5900,64.72,D
sh603301,振德医疗,2025-10-14 10:52:52,64.7,4100,64.72,D
sh603301,振德医疗,2025-10-14 10:53:04,64.66,5800,64.66,D
sh603301,振德医疗,2025-10-14 10:53:07,64.66,9600,64.66,D
sh603301,振德医疗,2025-10-14 10:53:10,64.64,3300,64.66,D
sh603301,振德医疗,2025-10-14 10:53:19,64.62,11900,64.64,D
sh603301,振德医疗,2025-10-14 10:53:22,64.6,6000,64.62,D
sh603301,振德医疗,2025-10-14 10:53:31,64.55,11900,64.55,D
sh603301,振德医疗,2025-10-14 10:53:43,64.51,10300,64.51,D
sh603301,振德医疗,2025-10-14 10:53:58,64.6,7100,64.55,E
sh603301,振德医疗,2025-10-14 10:54:04,64.67,8800,64.52,U
sh603301,振德医疗,2025-10-14 10:55:04,64.79,10500,64.8,E
sh603301,振德医疗,2025-10-14 10:55:07,64.88,3600,64.79,U
sh603301,振德医疗,2025-10-14 10:55:16,64.85,11300,64.87,E
sh603301,振德医疗,2025-10-14 10:55:43,64.86,4400,64.86,U
sh603301,振德医疗,2025-10-14 10:56:40,64.88,5000,64.9,D
sh603301,振德医疗,2025-10-14 10:57:13,64.93,5100,64.86,U
sh603301,振德医疗,2025-10-14 10:58:22,64.91,5000,64.93,D
sh603301,振德医疗,2025-10-14 10:58:55,65.17,17600,64.95,U
sh603301,振德医疗,2025-10-14 10:59:40,65.2,10800,65.2,U
sh603301,振德医疗,2025-10-14 10:59:55,65.25,36600,65.2,U
sh603301,振德医疗,2025-10-14 10:59:58,65.31,31700,65.25,U
sh603301,振德医疗,2025-10-14 11:00:01,65.33,20800,65.31,U
sh603301,振德医疗,2025-10-14 11:00:16,65.6,3498,65.5,U
sh603301,振德医疗,2025-10-14 11:00:19,65.66,3400,65.6,U
sh603301,振德医疗,2025-10-14 11:00:22,65.65,6500,65.66,E
sh603301,振德医疗,2025-10-14 11:00:37,65.68,3300,65.68,D
sh603301,振德医疗,2025-10-14 11:01:10,65.72,3200,65.68,E
sh603301,振德医疗,2025-10-14 11:01:43,65.65,4900,65.66,E
sh603301,振德医疗,2025-10-14 11:02:04,65.65,6100,65.65,D
sh603301,振德医疗,2025-10-14 11:02:16,65.63,5800,65.63,U
sh603301,振德医疗,2025-10-14 11:02:40,65.57,4200,65.61,D
sh603301,振德医疗,2025-10-14 11:02:49,65.36,7900,65.57,D
sh603301,振德医疗,2025-10-14 11:02:58,65.36,5800,65.36,D
sh603301,振德医疗,2025-10-14 11:03:04,65.2,8400,65.36,D
sh603301,振德医疗,2025-10-14 11:03:43,65.38,6100,65.32,U
sh603301,振德医疗,2025-10-14 11:04:37,65.47,3900,65.47,U
sh603301,振德医疗,2025-10-14 11:05:37,65.46,3200,65.48,E
sh603301,振德医疗,2025-10-14 11:07:55,65.2,5000,65.24,D
sh603301,振德医疗,2025-10-14 11:08:01,65.27,6000,65.2,U
sh603301,振德医疗,2025-10-14 11:08:13,65.2,5900,65.2,D
sh603301,振德医疗,2025-10-14 11:08:22,65.2,4500,65.2,D
sh603301,振德医疗,2025-10-14 11:08:37,65.26,3200,65.2,U
sh603301,振德医疗,2025-10-14 11:08:52,65.34,3200,65.3,U
sh603301,振德医疗,2025-10-14 11:10:22,65.67,41700,65.54,U
sh603301,振德医疗,2025-10-14 11:10:46,65.74,8300,65.73,U
sh603301,振德医疗,2025-10-14 11:12:04,65.8,3200,65.79,U
sh603301,振德医疗,2025-10-14 11:12:07,65.82,4751,65.8,U
sh603301,振德医疗,2025-10-14 11:12:37,65.88,3700,65.88,U
sh603301,振德医疗,2025-10-14 11:12:40,65.86,4500,65.88,D
sh603301,振德医疗,2025-10-14 11:12:49,65.85,3600,65.85,D
sh603301,振德医疗,2025-10-14 11:13:22,66.1,67851,65.78,U
sh603301,振德医疗,2025-10-14 11:13:25,66.14,8900,66.1,U
sh603301,振德医疗,2025-10-14 11:13:31,66.14,3600,66.14,D
sh603301,振德医疗,2025-10-14 11:13:40,66.14,3500,66.18,D
sh603301,振德医疗,2025-10-14 11:13:43,66.2,4400,66.14,U
sh603301,振德医疗,2025-10-14 11:13:49,66.19,5400,66.18,E
sh603301,振德医疗,2025-10-14 11:13:58,66.2,10500,66.2,U
sh603301,振德医疗,2025-10-14 11:14:01,66.19,16100,66.2,E
sh603301,振德医疗,2025-10-14 11:14:04,66.2,9400,66.19,U
sh603301,振德医疗,2025-10-14 11:14:13,66.19,20700,66.09,U
sh603301,振德医疗,2025-10-14 11:14:22,66.01,21600,66.01,U
sh603301,振德医疗,2025-10-14 11:14:28,66.01,13100,66.01,U
sh603301,振德医疗,2025-10-14 11:14:37,65.91,198049,66.01,D
sh603301,振德医疗,2025-10-14 11:15:22,65.79,6300,65.79,U
sh603301,振德医疗,2025-10-14 11:16:28,65.88,3500,65.87,U
sh603301,振德医疗,2025-10-14 11:16:49,65.82,22600,65.88,D
sh603301,振德医疗,2025-10-14 11:16:52,65.85,3200,65.82,E
sh603301,振德医疗,2025-10-14 11:17:01,65.77,9700,65.8,D
sh603301,振德医疗,2025-10-14 11:17:07,65.74,6500,65.74,D
sh603301,振德医疗,2025-10-14 11:17:10,65.7,3600,65.74,D
sh603301,振德医疗,2025-10-14 11:17:16,65.63,3500,65.63,D
sh603301,振德医疗,2025-10-14 11:18:55,65.75,6900,65.75,D
sh603301,振德医疗,2025-10-14 11:20:16,65.57,3700,65.56,D
sh603301,振德医疗,2025-10-14 11:21:46,65.56,6500,65.55,U
sh603301,振德医疗,2025-10-14 11:22:37,65.53,7000,65.53,D
sh603301,振德医疗,2025-10-14 11:24:52,65.51,6700,65.52,D
sh603301,振德医疗,2025-10-14 11:26:01,65.52,5000,65.53,D
sh603301,振德医疗,2025-10-14 11:27:10,65.52,5400,65.53,D
sh603301,振德医疗,2025-10-14 11:27:13,65.51,14500,65.52,D
sh603301,振德医疗,2025-10-14 11:27:37,65.5,7600,65.51,D
sh603301,振德医疗,2025-10-14 11:28:40,65.48,3200,65.48,U
sh603301,振德医疗,2025-10-14 11:29:28,65.5,4000,65.5,U
sh603301,振德医疗,2025-10-14 11:29:52,65.5,7600,65.49,U
sh603301,振德医疗,2025-10-14 11:29:58,65.5,4400,65.49,U
sh603301,振德医疗,2025-10-14 13:00:07,65.5,4300,65.51,D
sh603301,振德医疗,2025-10-14 13:00:10,65.55,17600,65.5,U
sh603301,振德医疗,2025-10-14 13:00:13,65.55,12300,65.55,U
sh603301,振德医疗,2025-10-14 13:00:16,65.54,9400,65.55,D
sh603301,振德医疗,2025-10-14 13:00:19,65.9,5400,65.54,U
sh603301,振德医疗,2025-10-14 13:00:25,66.01,29800,65.93,U
sh603301,振德医疗,2025-10-14 13:00:28,66.1,6000,66.01,U
sh603301,振德医疗,2025-10-14 13:00:31,66.15,3600,66.1,U
sh603301,振德医疗,2025-10-14 13:00:37,66.2,9100,66.18,U
sh603301,振德医疗,2025-10-14 13:00:46,66.16,31900,66.18,D
sh603301,振德医疗,2025-10-14 13:00:49,66.05,20400,66.16,D
sh603301,振德医疗,2025-10-14 13:00:52,65.96,3800,66.05,D
sh603301,振德医疗,2025-10-14 13:01:13,65.94,3200,65.96,D
sh603301,振德医疗,2025-10-14 13:01:16,65.93,10900,65.94,D
sh603301,振德医疗,2025-10-14 13:01:19,65.84,5300,65.93,D
sh603301,振德医疗,2025-10-14 13:01:25,65.94,4200,65.93,U
sh603301,振德医疗,2025-10-14 13:01:28,65.77,5000,65.94,D
sh603301,振德医疗,2025-10-14 13:01:46,65.92,5700,65.93,U
sh603301,振德医疗,2025-10-14 13:01:55,65.92,10300,65.92,D
sh603301,振德医疗,2025-10-14 13:02:01,65.9,5900,65.92,D
sh603301,振德医疗,2025-10-14 13:02:31,65.74,30100,65.76,D
sh603301,振德医疗,2025-10-14 13:02:37,65.72,16500,65.76,D
sh603301,振德医疗,2025-10-14 13:02:49,65.58,15200,65.56,E
sh603301,振德医疗,2025-10-14 13:05:07,65.58,7300,65.58,D
sh603301,振德医疗,2025-10-14 13:05:19,65.5,7100,65.55,D
sh603301,振德医疗,2025-10-14 13:05:25,65.46,4300,65.49,D
sh603301,振德医疗,2025-10-14 13:05:58,65.2,3500,65.27,D
sh603301,振德医疗,2025-10-14 13:06:07,65.26,22500,65.17,U
sh603301,振德医疗,2025-10-14 13:06:10,65.3,8200,65.26,U
sh603301,振德医疗,2025-10-14 13:06:19,65.29,6900,65.27,U
sh603301,振德医疗,2025-10-14 13:06:25,65.25,4800,65.25,E
sh603301,振德医疗,2025-10-14 13:06:49,65.17,11300,65.2,D
sh603301,振德医疗,2025-10-14 13:06:58,65.17,3600,65.1,E
sh603301,振德医疗,2025-10-14 13:07:16,65.1,13000,65.0,U
sh603301,振德医疗,2025-10-14 13:07:28,65.15,14700,65.13,U
sh603301,振德医疗,2025-10-14 13:07:34,65.2,9700,65.15,U
sh603301,振德医疗,2025-10-14 13:08:04,65.21,3600,65.19,U
sh603301,振德医疗,2025-10-14 13:08:10,65.21,5200,65.21,D
sh603301,振德医疗,2025-10-14 13:08:19,65.22,8800,65.26,E
sh603301,振德医疗,2025-10-14 13:08:46,65.3,5600,65.3,U
sh603301,振德医疗,2025-10-14 13:08:55,65.41,5080,65.28,U
sh603301,振德医疗,2025-10-14 13:09:40,65.22,3300,65.26,D
sh603301,振德医疗,2025-10-14 13:09:49,65.28,6800,65.23,U
sh603301,振德医疗,2025-10-14 13:09:58,65.41,4380,65.29,U
sh603301,振德医疗,2025-10-14 13:10:01,65.29,4600,65.41,D
sh603301,振德医疗,2025-10-14 13:10:34,65.55,10400,65.53,U
sh603301,振德医疗,2025-10-14 13:10:40,65.55,12100,65.55,E
sh603301,振德医疗,2025-10-14 13:10:43,65.52,6900,65.55,D
sh603301,振德医疗,2025-10-14 13:10:55,65.51,3200,65.4,E
sh603301,振德医疗,2025-10-14 13:11:10,65.4,3700,65.41,D
sh603301,振德医疗,2025-10-14 13:11:25,65.3,3500,65.47,D
sh603301,振德医疗,2025-10-14 13:11:37,65.31,3500,65.29,E
sh603301,振德医疗,2025-10-14 13:11:58,65.22,7700,65.26,D
sh603301,振德医疗,2025-10-14 13:12:10,65.23,10000,65.16,U
sh603301,振德医疗,2025-10-14 13:12:52,65.18,5100,65.19,D
sh603301,振德医疗,2025-10-14 13:13:19,65.0,22900,65.0,D
sh603301,振德医疗,2025-10-14 13:13:22,64.93,3200,65.0,D
sh603301,振德医疗,2025-10-14 13:13:25,64.9,10900,64.93,D
sh603301,振德医疗,2025-10-14 13:13:28,64.99,6200,64.9,U
sh603301,振德医疗,2025-10-14 13:13:34,64.99,10700,64.9,U
sh603301,振德医疗,2025-10-14 13:13:43,64.93,11800,65.0,D
sh603301,振德医疗,2025-10-14 13:13:49,64.93,3700,64.93,U
sh603301,振德医疗,2025-10-14 13:14:04,64.95,4400,64.93,U
sh603301,振德医疗,2025-10-14 13:14:07,64.99,10700,64.95,U
sh603301,振德医疗,2025-10-14 13:14:25,64.96,10900,64.98,E
sh603301,振德医疗,2025-10-14 13:14:28,64.99,4600,64.96,U
sh603301,振德医疗,2025-10-14 13:14:58,65.05,5700,65.05,D
sh603301,振德医疗,2025-10-14 13:15:40,65.1,3600,65.1,U
sh603301,振德医疗,2025-10-14 13:15:58,65.05,8500,65.09,D
sh603301,振德医疗,2025-10-14 13:16:07,65.05,3200,65.01,U
sh603301,振德医疗,2025-10-14 13:16:10,65.01,3900,65.05,D
sh603301,振德医疗,2025-10-14 13:16:25,65.05,5000,65.05,D
sh603301,振德医疗,2025-10-14 13:16:28,65.0,3100,65.05,D
sh603301,振德医疗,2025-10-14 13:16:43,65.03,4000,65.0,D
sh603301,振德医疗,2025-10-14 13:17:28,65.18,7500,65.17,U
sh603301,振德医疗,2025-10-14 13:17:58,65.22,10200,65.19,U
sh603301,振德医疗,2025-10-14 13:19:25,65.3,4500,65.29,U
sh603301,振德医疗,2025-10-14 13:19:55,65.28,5900,65.35,D
sh603301,振德医疗,2025-10-14 13:23:13,65.24,4900,65.23,U
sh603301,振德医疗,2025-10-14 13:25:07,65.23,6400,65.28,D
sh603301,振德医疗,2025-10-14 13:25:37,65.25,5600,65.28,D
sh603301,振德医疗,2025-10-14 13:26:16,65.25,3100,65.29,D
sh603301,振德医疗,2025-10-14 13:26:46,65.35,10800,65.29,U
sh603301,振德医疗,2025-10-14 13:27:19,65.48,6500,65.48,U
sh603301,振德医疗,2025-10-14 13:30:22,65.46,6200,65.46,D
sh603301,振德医疗,2025-10-14 13:30:31,65.51,4480,65.46,U
sh603301,振德医疗,2025-10-14 13:30:34,65.58,6700,65.51,U
sh603301,振德医疗,2025-10-14 13:30:40,65.61,4300,65.66,D
sh603301,振德医疗,2025-10-14 13:34:37,65.76,5000,65.66,U
sh603301,振德医疗,2025-10-14 13:35:52,65.92,19500,65.86,U
sh603301,振德医疗,2025-10-14 13:35:55,65.94,3500,65.92,U
sh603301,振德医疗,2025-10-14 13:36:22,65.99,4700,65.99,U
sh603301,振德医疗,2025-10-14 13:36:25,65.99,6600,65.99,D
sh603301,振德医疗,2025-10-14 13:36:28,65.99,7300,65.99,D
sh603301,振德医疗,2025-10-14 13:36:31,66.0,6600,65.99,U
sh603301,振德医疗,2025-10-14 13:36:40,66.0,3900,66.07,D
sh603301,振德医疗,2025-10-14 13:37:22,65.99,3300,66.03,D
sh603301,振德医疗,2025-10-14 13:38:13,65.88,4700,65.88,D
sh603301,振德医疗,2025-10-14 13:38:28,65.88,5300,65.87,U
sh603301,振德医疗,2025-10-14 13:39:31,65.98,5500,65.98,U
sh603301,振德医疗,2025-10-14 13:39:34,65.97,6800,65.98,D
sh603301,振德医疗,2025-10-14 13:39:55,66.0,3300,65.97,U
sh603301,振德医疗,2025-10-14 13:40:25,65.95,13300,66.0,D
sh603301,振德医疗,2025-10-14 13:40:52,65.78,8400,65.84,D
sh603301,振德医疗,2025-10-14 13:41:07,65.76,3300,65.76,D
sh603301,振德医疗,2025-10-14 13:41:49,65.8,24900,65.79,U
sh603301,振德医疗,2025-10-14 13:42:13,65.87,6100,65.87,U
sh603301,振德医疗,2025-10-14 13:42:31,65.87,3300,65.87,U
sh603301,振德医疗,2025-10-14 13:42:46,65.91,3900,65.91,U
sh603301,振德医疗,2025-10-14 13:42:58,65.87,12100,65.91,D
sh603301,振德医疗,2025-10-14 13:43:07,65.87,3900,65.87,D
sh603301,振德医疗,2025-10-14 13:43:13,65.87,3600,65.87,D
sh603301,振德医疗,2025-10-14 13:43:16,65.87,13700,65.87,D
sh603301,振德医疗,2025-10-14 13:43:46,65.87,6100,65.9,D
sh603301,振德医疗,2025-10-14 13:43:49,65.88,12400,65.87,U
sh603301,振德医疗,2025-10-14 13:43:52,65.9,15200,65.88,U
sh603301,振德医疗,2025-10-14 13:44:25,65.94,3100,65.91,U
sh603301,振德医疗,2025-10-14 13:44:34,65.87,11100,65.94,D
sh603301,振德医疗,2025-10-14 13:46:04,65.93,3100,65.91,U
sh603301,振德医疗,2025-10-14 13:48:37,66.0,3400,66.0,U
sh603301,振德医疗,2025-10-14 13:49:22,66.0,12400,66.0,U
sh603301,振德医疗,2025-10-14 13:50:01,66.02,3100,66.02,U
sh603301,振德医疗,2025-10-14 13:50:07,66.02,5100,66.02,U
sh603301,振德医疗,2025-10-14 13:50:55,66.04,3800,66.04,U
sh603301,振德医疗,2025-10-14 13:51:16,66.05,3400,66.04,U
sh603301,振德医疗,2025-10-14 13:51:28,66.02,4300,66.03,D
sh603301,振德医疗,2025-10-14 13:51:31,66.04,5400,66.02,U
sh603301,振德医疗,2025-10-14 13:51:52,66.04,3700,66.05,D
sh603301,振德医疗,2025-10-14 13:52:25,66.05,5500,66.05,U
sh603301,振德医疗,2025-10-14 13:53:01,66.04,3200,66.04,U
sh603301,振德医疗,2025-10-14 13:53:19,65.93,11400,66.02,D
sh603301,振德医疗,2025-10-14 13:53:25,65.88,4600,65.99,D
sh603301,振德医疗,2025-10-14 13:53:28,65.9,3600,65.88,E
sh603301,振德医疗,2025-10-14 13:54:07,65.9,3600,65.9,U
sh603301,振德医疗,2025-10-14 13:54:28,65.9,3400,65.99,D
sh603301,振德医疗,2025-10-14 13:55:49,65.99,4200,65.99,U
sh603301,振德医疗,2025-10-14 13:56:10,66.01,6400,66.03,D
sh603301,振德医疗,2025-10-14 13:56:40,66.09,7700,66.09,U
sh603301,振德医疗,2025-10-14 13:56:43,66.09,3300,66.09,U
sh603301,振德医疗,2025-10-14 13:56:46,66.09,5800,66.09,U
sh603301,振德医疗,2025-10-14 13:56:49,66.1,3400,66.09,U
sh603301,振德医疗,2025-10-14 13:56:58,66.1,3600,66.1,U
sh603301,振德医疗,2025-10-14 13:57:01,66.1,6100,66.1,U
sh603301,振德医疗,2025-10-14 13:57:04,66.1,4100,66.1,U
sh603301,振德医疗,2025-10-14 13:57:13,66.1,17500,66.1,U
sh603301,振德医疗,2025-10-14 13:57:25,66.09,6900,66.1,D
sh603301,振德医疗,2025-10-14 13:57:28,66.1,20400,66.09,E
sh603301,振德医疗,2025-10-14 13:57:43,66.08,4800,66.07,U
sh603301,振德医疗,2025-10-14 13:58:46,66.07,5200,66.08,D
sh603301,振德医疗,2025-10-14 13:58:55,66.07,5600,66.05,U
sh603301,振德医疗,2025-10-14 13:59:25,66.06,4400,66.07,D
sh603301,振德医疗,2025-10-14 13:59:46,66.06,7100,66.05,U
sh603301,振德医疗,2025-10-14 14:00:01,66.01,4000,66.04,D
sh603301,振德医疗,2025-10-14 14:00:13,65.98,5300,65.99,D
sh603301,振德医疗,2025-10-14 14:00:49,65.88,5800,65.91,D
sh603301,振德医疗,2025-10-14 14:02:40,65.88,10700,65.9,D
sh603301,振德医疗,2025-10-14 14:03:43,65.9,7000,65.9,D
sh603301,振德医疗,2025-10-14 14:03:49,65.86,22200,65.9,D
sh603301,振德医疗,2025-10-14 14:04:07,65.8,13400,65.85,D
sh603301,振德医疗,2025-10-14 14:04:10,65.8,3500,65.8,D
sh603301,振德医疗,2025-10-14 14:04:19,65.79,3300,65.8,D
sh603301,振德医疗,2025-10-14 14:05:22,65.61,5100,65.61,D
sh603301,振德医疗,2025-10-14 14:05:43,65.56,4900,65.52,U
sh603301,振德医疗,2025-10-14 14:06:22,65.45,15000,65.5,D
sh603301,振德医疗,2025-10-14 14:06:25,65.52,4800,65.45,U
sh603301,振德医疗,2025-10-14 14:06:43,65.52,3500,65.5,U
sh603301,振德医疗,2025-10-14 14:07:46,65.67,13000,65.7,D
sh603301,振德医疗,2025-10-14 14:08:37,65.7,3900,65.7,D
sh603301,振德医疗,2025-10-14 14:08:49,65.68,6000,65.68,D
sh603301,振德医疗,2025-10-14 14:08:52,65.56,5600,65.68,D
sh603301,振德医疗,2025-10-14 14:10:04,65.74,23900,65.74,U
sh603301,振德医疗,2025-10-14 14:10:34,65.56,4400,65.56,D
sh603301,振德医疗,2025-10-14 14:10:49,65.51,10000,65.55,D
sh603301,振德医疗,2025-10-14 14:10:52,65.5,3500,65.51,D
sh603301,振德医疗,2025-10-14 14:10:58,65.51,9900,65.5,E
sh603301,振德医疗,2025-10-14 14:11:07,65.56,3900,65.52,U
sh603301,振德医疗,2025-10-14 14:12:04,65.66,3600,65.65,U
sh603301,振德医疗,2025-10-14 14:12:37,65.77,3300,65.77,D
sh603301,振德医疗,2025-10-14 14:12:55,65.78,15600,65.76,E
sh603301,振德医疗,2025-10-14 14:13:04,65.78,13100,65.7,U
sh603301,振德医疗,2025-10-14 14:13:07,65.79,3200,65.78,U
sh603301,振德医疗,2025-10-14 14:13:28,65.79,12800,65.79,U
sh603301,振德医疗,2025-10-14 14:13:31,65.79,9900,65.79,D
sh603301,振德医疗,2025-10-14 14:13:34,65.7,9000,65.79,D
sh603301,振德医疗,2025-10-14 14:13:55,65.71,8500,65.69,U
sh603301,振德医疗,2025-10-14 14:14:31,65.92,12600,65.86,U
sh603301,振德医疗,2025-10-14 14:14:37,65.95,10700,65.92,U
sh603301,振德医疗,2025-10-14 14:15:16,66.0,4600,66.0,U
sh603301,振德医疗,2025-10-14 14:15:55,66.0,3200,66.0,U
sh603301,振德医疗,2025-10-14 14:16:07,65.96,5900,65.95,U
sh603301,振德医疗,2025-10-14 14:17:19,65.9,6600,65.9,D
sh603301,振德医疗,2025-10-14 14:18:16,66.01,8900,65.94,U
sh603301,振德医疗,2025-10-14 14:18:49,65.97,4000,66.01,D
sh603301,振德医疗,2025-10-14 14:18:52,65.97,4400,65.97,U
sh603301,振德医疗,2025-10-14 14:19:04,65.9,9400,65.94,D
sh603301,振德医疗,2025-10-14 14:19:07,65.9,5900,65.9,D
sh603301,振德医疗,2025-10-14 14:21:37,65.96,4100,65.95,U
sh603301,振德医疗,2025-10-14 14:22:43,65.96,9300,65.96,E
sh603301,振德医疗,2025-10-14 14:23:22,65.9,5500,65.97,D
sh603301,振德医疗,2025-10-14 14:24:25,65.95,6000,65.95,U
sh603301,振德医疗,2025-10-14 14:24:55,65.93,8900,65.93,D
sh603301,振德医疗,2025-10-14 14:24:58,65.94,4600,65.93,U
sh603301,振德医疗,2025-10-14 14:25:25,65.91,4900,65.9,U
sh603301,振德医疗,2025-10-14 14:25:52,65.89,5200,65.93,D
sh603301,振德医疗,2025-10-14 14:27:10,65.95,6200,65.93,U
sh603301,振德医疗,2025-10-14 14:28:04,65.98,16200,65.98,D
sh603301,振德医疗,2025-10-14 14:28:22,66.0,3800,66.01,D
sh603301,振德医疗,2025-10-14 14:28:28,66.0,3100,66.01,D
sh603301,振德医疗,2025-10-14 14:28:43,66.0,3900,66.0,U
sh603301,振德医疗,2025-10-14 14:28:49,66.0,4700,65.99,U
sh603301,振德医疗,2025-10-14 14:29:16,66.03,4100,66.01,U
sh603301,振德医疗,2025-10-14 14:29:25,66.03,3600,66.03,U
sh603301,振德医疗,2025-10-14 14:29:46,66.08,6600,66.07,U
sh603301,振德医疗,2025-10-14 14:29:52,66.08,5400,66.08,U
sh603301,振德医疗,2025-10-14 14:30:04,66.09,5600,66.09,U
sh603301,振德医疗,2025-10-14 14:30:07,66.1,12300,66.09,U
sh603301,振德医疗,2025-10-14 14:30:22,66.12,5700,66.11,U
sh603301,振德医疗,2025-10-14 14:30:37,66.08,9449,66.14,D
sh603301,振德医疗,2025-10-14 14:30:40,66.1,3100,66.08,U
sh603301,振德医疗,2025-10-14 14:31:13,66.15,6300,66.17,D
sh603301,振德医疗,2025-10-14 14:31:16,66.15,4700,66.15,U
sh603301,振德医疗,2025-10-14 14:31:22,66.09,14700,66.15,D
sh603301,振德医疗,2025-10-14 14:31:25,66.08,13900,66.09,D
sh603301,振德医疗,2025-10-14 14:31:28,66.01,18000,66.08,D
sh603301,振德医疗,2025-10-14 14:31:31,65.95,9000,66.01,D
sh603301,振德医疗,2025-10-14 14:31:34,65.86,8300,65.95,D
sh603301,振德医疗,2025-10-14 14:31:37,65.8,6300,65.86,D
sh603301,振德医疗,2025-10-14 14:31:40,65.77,5600,65.8,D
sh603301,振德医疗,2025-10-14 14:31:46,65.65,3800,65.71,D
sh603301,振德医疗,2025-10-14 14:32:01,65.62,3200,65.62,U
sh603301,振德医疗,2025-10-14 14:32:04,65.61,3100,65.62,E
sh603301,振德医疗,2025-10-14 14:32:13,65.65,4900,65.62,U
sh603301,振德医疗,2025-10-14 14:32:16,65.65,6100,65.65,U
sh603301,振德医疗,2025-10-14 14:33:04,65.88,5200,65.88,U
sh603301,振德医疗,2025-10-14 14:33:16,65.81,5800,65.83,D
sh603301,振德医疗,2025-10-14 14:33:22,65.76,3100,65.79,D
sh603301,振德医疗,2025-10-14 14:33:25,65.76,6300,65.76,D
sh603301,振德医疗,2025-10-14 14:33:28,65.7,7100,65.76,E
sh603301,振德医疗,2025-10-14 14:33:34,65.78,27600,65.66,U
sh603301,振德医疗,2025-10-14 14:34:13,65.77,3200,65.8,D
sh603301,振德医疗,2025-10-14 14:35:37,65.74,16700,65.81,D
sh603301,振德医疗,2025-10-14 14:35:40,65.66,6100,65.74,D
sh603301,振德医疗,2025-10-14 14:35:43,65.65,6800,65.66,D
sh603301,振德医疗,2025-10-14 14:35:49,65.63,4100,65.62,E
sh603301,振德医疗,2025-10-14 14:35:52,65.61,5600,65.63,D
sh603301,振德医疗,2025-10-14 14:35:58,65.65,3700,65.61,U
sh603301,振德医疗,2025-10-14 14:36:04,65.65,3600,65.65,D
sh603301,振德医疗,2025-10-14 14:36:43,65.67,4900,65.67,D
sh603301,振德医疗,2025-10-14 14:37:01,65.66,7100,65.68,D
sh603301,振德医疗,2025-10-14 14:37:07,65.76,8076,65.68,U
sh603301,振德医疗,2025-10-14 14:37:55,65.67,3900,65.67,D
sh603301,振德医疗,2025-10-14 14:37:58,65.66,4100,65.67,D
sh603301,振德医疗,2025-10-14 14:38:04,65.66,3900,65.66,D
sh603301,振德医疗,2025-10-14 14:38:07,65.65,4800,65.66,D
sh603301,振德医疗,2025-10-14 14:38:10,65.65,4600,65.65,D
sh603301,振德医疗,2025-10-14 14:38:22,65.64,6700,65.64,U
sh603301,振德医疗,2025-10-14 14:38:31,65.6,8900,65.62,D
sh603301,振德医疗,2025-10-14 14:38:34,65.6,5700,65.6,D
sh603301,振德医疗,2025-10-14 14:38:37,65.61,5000,65.6,D
sh603301,振德医疗,2025-10-14 14:38:49,65.61,3200,65.61,U
sh603301,振德医疗,2025-10-14 14:39:34,65.67,5700,65.67,D
sh603301,振德医疗,2025-10-14 14:39:52,65.7,10200,65.7,U
sh603301,振德医疗,2025-10-14 14:40:04,65.67,12800,65.67,D
sh603301,振德医疗,2025-10-14 14:40:10,65.68,3800,65.68,U
sh603301,振德医疗,2025-10-14 14:40:16,65.67,3600,65.68,D
sh603301,振德医疗,2025-10-14 14:40:37,65.66,6100,65.66,D
sh603301,振德医疗,2025-10-14 14:40:40,65.64,7100,65.66,D
sh603301,振德医疗,2025-10-14 14:40:43,65.61,12200,65.64,D
sh603301,振德医疗,2025-10-14 14:41:01,65.56,8300,65.54,U
sh603301,振德医疗,2025-10-14 14:41:22,65.5,3700,65.5,D
sh603301,振德医疗,2025-10-14 14:41:31,65.5,8600,65.5,D
sh603301,振德医疗,2025-10-14 14:41:43,65.6,6100,65.49,U
sh603301,振德医疗,2025-10-14 14:42:16,65.6,3800,65.6,D
sh603301,振德医疗,2025-10-14 14:42:34,65.63,4200,65.61,U
sh603301,振德医疗,2025-10-14 14:42:40,65.62,3900,65.61,U
sh603301,振德医疗,2025-10-14 14:42:55,65.61,4100,65.62,D
sh603301,振德医疗,2025-10-14 14:42:58,65.62,4900,65.61,U
sh603301,振德医疗,2025-10-14 14:43:01,65.62,7500,65.62,D
sh603301,振德医疗,2025-10-14 14:43:07,65.63,6100,65.63,U
sh603301,振德医疗,2025-10-14 14:43:13,65.63,5600,65.62,U
sh603301,振德医疗,2025-10-14 14:43:16,65.61,6500,65.63,D
sh603301,振德医疗,2025-10-14 14:43:25,65.61,3600,65.61,U
sh603301,振德医疗,2025-10-14 14:43:52,65.63,5600,65.64,D
sh603301,振德医疗,2025-10-14 14:44:16,65.68,7500,65.67,U
sh603301,振德医疗,2025-10-14 14:44:19,65.66,5000,65.68,E
sh603301,振德医疗,2025-10-14 14:44:25,65.65,3200,65.66,D
sh603301,振德医疗,2025-10-14 14:44:52,65.7,9000,65.67,U
sh603301,振德医疗,2025-10-14 14:45:16,65.79,7200,65.78,U
sh603301,振德医疗,2025-10-14 14:45:22,65.8,6600,65.8,U
sh603301,振德医疗,2025-10-14 14:45:25,65.8,3800,65.8,U
sh603301,振德医疗,2025-10-14 14:45:34,65.81,4400,65.81,U
sh603301,振德医疗,2025-10-14 14:45:46,65.82,4100,65.82,U
sh603301,振德医疗,2025-10-14 14:45:49,65.81,8400,65.82,D
sh603301,振德医疗,2025-10-14 14:45:52,65.82,5100,65.81,U
sh603301,振德医疗,2025-10-14 14:45:58,65.79,3883,65.82,D
sh603301,振德医疗,2025-10-14 14:46:01,65.75,5400,65.79,D
sh603301,振德医疗,2025-10-14 14:46:04,65.7,6400,65.75,D
sh603301,振德医疗,2025-10-14 14:46:07,65.69,3100,65.7,D
sh603301,振德医疗,2025-10-14 14:46:10,65.66,5000,65.69,D
sh603301,振德医疗,2025-10-14 14:46:19,65.61,4700,65.62,D
sh603301,振德医疗,2025-10-14 14:46:22,65.55,4400,65.61,D
sh603301,振德医疗,2025-10-14 14:46:31,65.5,3800,65.52,D
sh603301,振德医疗,2025-10-14 14:46:34,65.5,3200,65.5,D
sh603301,振德医疗,2025-10-14 14:47:55,65.67,4300,65.67,D
sh603301,振德医疗,2025-10-14 14:47:58,65.67,4800,65.67,U
sh603301,振德医疗,2025-10-14 14:48:40,65.8,6700,65.81,D
sh603301,振德医疗,2025-10-14 14:48:49,65.82,4600,65.81,U
sh603301,振德医疗,2025-10-14 14:48:55,65.84,4300,65.82,E
sh603301,振德医疗,2025-10-14 14:48:58,65.82,6400,65.84,D
sh603301,振德医疗,2025-10-14 14:49:13,65.85,4600,65.85,D
sh603301,振德医疗,2025-10-14 14:49:28,65.88,3900,65.88,U
sh603301,振德医疗,2025-10-14 14:49:46,65.99,3600,65.98,U
sh603301,振德医疗,2025-10-14 14:49:52,65.99,13900,65.99,U
sh603301,振德医疗,2025-10-14 14:49:55,65.99,9500,65.99,U
sh603301,振德医疗,2025-10-14 14:50:01,66.0,5860,66.0,U
sh603301,振德医疗,2025-10-14 14:50:04,65.99,17200,66.0,D
sh603301,振德医疗,2025-10-14 14:50:07,66.04,5400,65.99,U
sh603301,振德医疗,2025-10-14 14:50:10,66.08,3200,66.04,U
sh603301,振德医疗,2025-10-14 14:50:13,66.03,18400,66.08,D
sh603301,振德医疗,2025-10-14 14:50:16,65.88,9040,66.03,D
sh603301,振德医疗,2025-10-14 14:50:19,66.0,17010,65.88,U
sh603301,振德医疗,2025-10-14 14:50:22,65.99,3290,66.0,D
sh603301,振德医疗,2025-10-14 14:50:28,65.88,4100,65.98,D
sh603301,振德医疗,2025-10-14 14:50:37,65.84,4900,65.85,E
sh603301,振德医疗,2025-10-14 14:50:40,65.81,5400,65.84,D
sh603301,振德医疗,2025-10-14 14:50:43,65.7,12183,65.81,D
sh603301,振德医疗,2025-10-14 14:50:46,65.68,5000,65.7,D
sh603301,振德医疗,2025-10-14 14:50:52,65.55,14600,65.67,D
sh603301,振德医疗,2025-10-14 14:51:01,65.49,10700,65.51,D
sh603301,振德医疗,2025-10-14 14:51:04,65.4,3900,65.49,D
sh603301,振德医疗,2025-10-14 14:51:13,65.35,3200,65.39,D
sh603301,振德医疗,2025-10-14 14:51:19,65.5,4300,65.44,U
sh603301,振德医疗,2025-10-14 14:51:22,65.5,3500,65.5,U
sh603301,振德医疗,2025-10-14 14:51:25,65.51,4900,65.5,U
sh603301,振德医疗,2025-10-14 14:51:28,65.51,8000,65.51,U
sh603301,振德医疗,2025-10-14 14:51:31,65.51,9617,65.51,U
sh603301,振德医疗,2025-10-14 14:51:49,65.51,56800,65.54,D
sh603301,振德医疗,2025-10-14 14:51:52,65.53,6000,65.51,E
sh603301,振德医疗,2025-10-14 14:51:55,65.51,5500,65.53,D
sh603301,振德医疗,2025-10-14 14:51:58,65.51,6000,65.51,E
sh603301,振德医疗,2025-10-14 14:52:10,65.53,4200,65.55,D
sh603301,振德医疗,2025-10-14 14:52:13,65.54,3200,65.53,E
sh603301,振德医疗,2025-10-14 14:52:16,65.55,4100,65.54,U
sh603301,振德医疗,2025-10-14 14:52:28,65.59,4969,65.59,U
sh603301,振德医疗,2025-10-14 14:52:37,65.59,7100,65.6,D
sh603301,振德医疗,2025-10-14 14:52:40,65.64,7400,65.59,E
sh603301,振德医疗,2025-10-14 14:52:46,65.6,7700,65.6,D
sh603301,振德医疗,2025-10-14 14:52:49,65.6,5300,65.6,D
sh603301,振德医疗,2025-10-14 14:52:52,65.6,6200,65.6,U
sh603301,振德医疗,2025-10-14 14:52:55,65.6,3400,65.6,U
sh603301,振德医疗,2025-10-14 14:53:01,65.6,6100,65.6,D
sh603301,振德医疗,2025-10-14 14:53:07,65.61,4600,65.61,U
sh603301,振德医疗,2025-10-14 14:53:10,65.64,3800,65.61,U
sh603301,振德医疗,2025-10-14 14:53:19,65.66,8400,65.66,U
sh603301,振德医疗,2025-10-14 14:53:22,65.66,6900,65.66,U
sh603301,振德医疗,2025-10-14 14:53:28,65.67,3300,65.67,U
sh603301,振德医疗,2025-10-14 14:53:46,65.7,4000,65.69,U
sh603301,振德医疗,2025-10-14 14:54:16,65.82,6100,65.81,U
sh603301,振德医疗,2025-10-14 14:54:25,65.9,11600,65.85,U
sh603301,振德医疗,2025-10-14 14:54:31,65.88,4600,65.88,U
sh603301,振德医疗,2025-10-14 14:54:34,65.88,5700,65.88,U
sh603301,振德医疗,2025-10-14 14:54:40,65.9,7100,65.89,U
sh603301,振德医疗,2025-10-14 14:54:46,65.91,3100,65.9,E
sh603301,振德医疗,2025-10-14 14:54:49,65.9,9000,65.91,D
sh603301,振德医疗,2025-10-14 14:54:52,65.91,8600,65.9,U
sh603301,振德医疗,2025-10-14 14:54:58,65.92,8600,65.97,D
sh603301,振德医疗,2025-10-14 14:55:01,65.97,12400,65.92,U
sh603301,振德医疗,2025-10-14 14:55:04,65.98,5200,65.97,U
sh603301,振德医疗,2025-10-14 14:55:07,66.0,6900,65.98,U
sh603301,振德医疗,2025-10-14 14:55:13,66.0,8300,65.99,U
sh603301,振德医疗,2025-10-14 14:55:16,66.0,25500,66.0,U
sh603301,振德医疗,2025-10-14 14:55:19,66.01,18600,66.0,U
sh603301,振德医疗,2025-10-14 14:55:22,66.06,7700,66.01,U
sh603301,振德医疗,2025-10-14 14:55:25,66.08,5000,66.06,U
sh603301,振德医疗,2025-10-14 14:55:28,66.1,51800,66.08,U
sh603301,振德医疗,2025-10-14 14:55:31,66.1,6300,66.1,U
sh603301,振德医疗,2025-10-14 14:55:34,66.1,44600,66.1,U
sh603301,振德医疗,2025-10-14 14:55:37,66.08,52800,66.1,D
sh603301,振德医疗,2025-10-14 14:55:40,66.1,18600,66.08,U
sh603301,振德医疗,2025-10-14 14:55:43,66.08,9900,66.1,D
sh603301,振德医疗,2025-10-14 14:55:46,66.0,25400,66.08,D
sh603301,振德医疗,2025-10-14 14:55:49,65.98,14700,66.0,D
sh603301,振德医疗,2025-10-14 14:55:52,65.99,6500,65.98,U
sh603301,振德医疗,2025-10-14 14:55:55,65.95,15700,65.99,D
sh603301,振德医疗,2025-10-14 14:55:58,65.94,4300,65.95,E
sh603301,振德医疗,2025-10-14 14:56:01,65.92,6700,65.94,D
sh603301,振德医疗,2025-10-14 14:56:04,65.94,24900,65.92,U
sh603301,振德医疗,2025-10-14 14:56:07,65.94,19500,65.94,U
sh603301,振德医疗,2025-10-14 14:56:10,65.96,17600,65.94,U
sh603301,振德医疗,2025-10-14 14:56:13,65.98,13400,65.96,U
sh603301,振德医疗,2025-10-14 14:56:16,65.98,10000,65.98,U
sh603301,振德医疗,2025-10-14 14:56:19,65.98,4100,65.98,U
sh603301,振德医疗,2025-10-14 14:56:22,65.99,26400,65.98,U
sh603301,振德医疗,2025-10-14 14:56:25,65.99,5500,65.99,U
sh603301,振德医疗,2025-10-14 14:56:28,66.0,42700,65.99,U
sh603301,振德医疗,2025-10-14 14:56:34,66.05,4000,66.05,U
sh603301,振德医疗,2025-10-14 14:56:37,66.07,49300,66.05,U
sh603301,振德医疗,2025-10-14 14:56:40,66.08,14900,66.07,U
sh603301,振德医疗,2025-10-14 14:56:43,66.09,6400,66.08,U
sh603301,振德医疗,2025-10-14 14:56:46,66.1,51500,66.09,U
sh603301,振德医疗,2025-10-14 14:56:49,66.11,11500,66.1,U
sh603301,振德医疗,2025-10-14 14:56:52,66.11,7200,66.11,U
sh603301,振德医疗,2025-10-14 14:56:55,66.11,54800,66.11,U
sh603301,振德医疗,2025-10-14 14:56:58,66.09,22800,66.11,E
sh603301,振德医疗,2025-10-14 14:57:01,66.09,4600,66.09,U
sh603301,振德医疗,2025-10-14 15:00:01,65.89,491800,66.09,D
