symbol,name,ticktime,price,volume,prev_price,kind
sh603301,振德医疗,2025-10-13 09:25:03,50.9,280300,0.0,U
sh603301,振德医疗,2025-10-13 09:30:01,51.05,8700,50.9,U
sh603301,振德医疗,2025-10-13 09:30:04,51.46,23100,51.05,U
sh603301,振德医疗,2025-10-13 09:30:07,50.9,241100,51.46,D
sh603301,振德医疗,2025-10-13 09:30:10,51.0,124900,50.9,U
sh603301,振德医疗,2025-10-13 09:30:13,51.33,19400,51.0,D
sh603301,振德医疗,2025-10-13 09:30:16,51.1,11300,51.33,D
sh603301,振德医疗,2025-10-13 09:30:19,51.33,24800,51.1,E
sh603301,振德医疗,2025-10-13 09:30:22,51.46,14200,51.33,E
sh603301,振德医疗,2025-10-13 09:30:25,51.38,19200,51.46,D
sh603301,振德医疗,2025-10-13 09:30:28,51.45,20000,51.38,E
sh603301,振德医疗,2025-10-13 09:30:31,51.45,8800,51.45,D
sh603301,振德医疗,2025-10-13 09:30:34,51.45,10400,51.45,D
sh603301,振德医疗,2025-10-13 09:30:37,51.5,24400,51.45,E
sh603301,振德医疗,2025-10-13 09:30:40,51.7,21800,51.5,U
sh603301,振德医疗,2025-10-13 09:30:43,51.8,5600,51.7,U
sh603301,振德医疗,2025-10-13 09:30:46,51.7,5100,51.8,D
sh603301,振德医疗,2025-10-13 09:30:49,51.8,9600,51.7,E
sh603301,振德医疗,2025-10-13 09:30:52,51.83,8800,51.8,U
sh603301,振德医疗,2025-10-13 09:30:55,51.88,62100,51.83,U
sh603301,振德医疗,2025-10-13 09:30:58,51.9,9600,51.88,E
sh603301,振德医疗,2025-10-13 09:31:01,51.99,5200,51.9,U
sh603301,振德医疗,2025-10-13 09:31:04,52.2,8400,51.99,U
sh603301,振德医疗,2025-10-13 09:31:07,52.26,9200,52.2,E
sh603301,振德医疗,2025-10-13 09:31:16,52.8,4700,52.8,U
sh603301,振德医疗,2025-10-13 09:31:19,52.79,49700,52.8,D
sh603301,振德医疗,2025-10-13 09:31:22,52.83,15200,52.79,U
sh603301,振德医疗,2025-10-13 09:31:25,53.0,7900,52.83,U
sh603301,振德医疗,2025-10-13 09:31:28,53.1,13700,53.0,U
sh603301,振德医疗,2025-10-13 09:31:31,53.1,4500,53.1,D
sh603301,振德医疗,2025-10-13 09:31:34,54.0,13600,53.1,U
sh603301,振德医疗,2025-10-13 09:31:37,53.99,19900,54.0,D
sh603301,振德医疗,2025-10-13 09:31:40,54.31,7900,53.99,U
sh603301,振德医疗,2025-10-13 09:31:43,54.5,36700,54.31,U
sh603301,振德医疗,2025-10-13 09:31:46,54.5,10100,54.5,U
sh603301,振德医疗,2025-10-13 09:31:49,54.31,76100,54.5,U
sh603301,振德医疗,2025-10-13 09:31:52,54.28,26500,54.31,D
sh603301,振德医疗,2025-10-13 09:31:55,54.04,33300,54.28,D
sh603301,振德医疗,2025-10-13 09:31:58,54.04,40300,54.04,U
sh603301,振德医疗,2025-10-13 09:32:01,53.9,17900,54.04,D
sh603301,振德医疗,2025-10-13 09:32:04,54.08,31800,53.9,U
sh603301,振德医疗,2025-10-13 09:32:07,53.9,17900,54.08,D
sh603301,振德医疗,2025-10-13 09:32:10,54.0,40200,53.9,E
sh603301,振德医疗,2025-10-13 09:32:13,54.04,32120,54.0,U
sh603301,振德医疗,2025-10-13 09:32:16,53.5,10200,54.04,D
sh603301,振德医疗,2025-10-13 09:32:19,54.04,6500,53.5,U
sh603301,振德医疗,2025-10-13 09:32:22,53.5,19980,54.04,D
sh603301,振德医疗,2025-10-13 09:32:25,53.5,5520,53.5,U
sh603301,振德医疗,2025-10-13 09:32:28,53.51,16400,53.5,E
sh603301,振德医疗,2025-10-13 09:32:31,53.51,12400,53.51,D
sh603301,振德医疗,2025-10-13 09:32:34,54.0,15800,53.51,U
sh603301,振德医疗,2025-10-13 09:32:37,54.0,5000,54.0,U
sh603301,振德医疗,2025-10-13 09:32:40,54.0,11000,54.0,U
sh603301,振德医疗,2025-10-13 09:32:43,54.0,12300,54.0,U
sh603301,振德医疗,2025-10-13 09:32:46,54.0,9600,54.0,D
sh603301,振德医疗,2025-10-13 09:32:49,54.08,18300,54.0,U
sh603301,振德医疗,2025-10-13 09:32:52,54.4,4300,54.08,U
sh603301,振德医疗,2025-10-13 09:32:55,54.4,7400,54.4,U
sh603301,振德医疗,2025-10-13 09:32:58,54.24,15300,54.4,D
sh603301,振德医疗,2025-10-13 09:33:01,54.07,18000,54.24,D
sh603301,振德医疗,2025-10-13 09:33:04,53.8,31400,54.07,D
sh603301,振德医疗,2025-10-13 09:33:07,53.7,11000,53.8,D
sh603301,振德医疗,2025-10-13 09:33:10,53.7,9200,53.7,D
sh603301,振德医疗,2025-10-13 09:33:13,53.71,10120,53.7,E
sh603301,振德医疗,2025-10-13 09:33:16,54.08,14500,53.71,U
sh603301,振德医疗,2025-10-13 09:33:19,53.81,5600,54.08,D
sh603301,振德医疗,2025-10-13 09:33:22,54.2,25800,53.81,U
sh603301,振德医疗,2025-10-13 09:33:25,54.2,4100,54.2,D
sh603301,振德医疗,2025-10-13 09:33:28,54.21,11300,54.2,D
sh603301,振德医疗,2025-10-13 09:33:34,54.2,6000,54.18,U
sh603301,振德医疗,2025-10-13 09:33:37,54.2,3800,54.2,E
sh603301,振德医疗,2025-10-13 09:33:40,54.18,15000,54.2,U
sh603301,振德医疗,2025-10-13 09:33:43,54.04,39800,54.18,D
sh603301,振德医疗,2025-10-13 09:33:46,53.8,21400,54.04,D
sh603301,振德医疗,2025-10-13 09:33:52,54.0,20200,53.8,U
sh603301,振德医疗,2025-10-13 09:33:55,54.08,22100,54.0,U
sh603301,振德医疗,2025-10-13 09:33:58,54.18,4500,54.08,U
sh603301,振德医疗,2025-10-13 09:34:01,54.12,5400,54.18,E
sh603301,振德医疗,2025-10-13 09:34:04,54.18,21800,54.12,U
sh603301,振德医疗,2025-10-13 09:34:07,54.3,10200,54.18,U
sh603301,振德医疗,2025-10-13 09:34:10,54.32,6300,54.3,U
sh603301,振德医疗,2025-10-13 09:34:13,54.37,4400,54.32,U
sh603301,振德医疗,2025-10-13 09:34:16,54.7,9200,54.37,U
sh603301,振德医疗,2025-10-13 09:34:19,54.64,6051,54.7,U
sh603301,振德医疗,2025-10-13 09:34:28,54.8,28100,54.7,U
sh603301,振德医疗,2025-10-13 09:34:31,54.85,14600,54.8,U
sh603301,振德医疗,2025-10-13 09:34:37,55.0,25200,54.9,U
sh603301,振德医疗,2025-10-13 09:34:43,55.24,4300,55.0,U
sh603301,振德医疗,2025-10-13 09:34:46,55.24,4000,55.24,D
sh603301,振德医疗,2025-10-13 09:34:49,55.25,9000,55.24,U
sh603301,振德医疗,2025-10-13 09:34:52,55.24,6400,55.25,D
sh603301,振德医疗,2025-10-13 09:34:55,55.3,36200,55.24,U
sh603301,振德医疗,2025-10-13 09:34:58,55.4,7500,55.3,U
sh603301,振德医疗,2025-10-13 09:35:01,55.33,3900,55.4,D
sh603301,振德医疗,2025-10-13 09:35:04,55.99,13000,55.33,U
sh603301,振德医疗,2025-10-13 09:35:07,55.3,11200,55.99,D
sh603301,振德医疗,2025-10-13 09:35:10,55.54,4400,55.3,U
sh603301,振德医疗,2025-10-13 09:35:16,55.57,4300,55.33,U
sh603301,振德医疗,2025-10-13 09:35:19,55.57,7600,55.57,U
sh603301,振德医疗,2025-10-13 09:35:22,55.99,14700,55.57,U
sh603301,振德医疗,2025-10-13 09:35:25,55.99,6600,55.99,D
sh603301,振德医疗,2025-10-13 09:35:28,55.98,12000,55.99,D
sh603301,振德医疗,2025-10-13 09:35:31,55.99,11900,55.98,U
sh603301,振德医疗,2025-10-13 09:35:34,55.99,15100,55.99,D
sh603301,振德医疗,2025-10-13 09:35:37,55.59,13100,55.99,D
sh603301,振德医疗,2025-10-13 09:35:40,55.57,8200,55.59,D
sh603301,振德医疗,2025-10-13 09:35:43,55.52,33000,55.57,D
sh603301,振德医疗,2025-10-13 09:35:46,55.43,8900,55.52,D
sh603301,振德医疗,2025-10-13 09:35:49,55.43,12800,55.43,D
sh603301,振德医疗,2025-10-13 09:35:52,55.31,6000,55.43,D
sh603301,振德医疗,2025-10-13 09:35:55,55.99,6500,55.31,U
sh603301,振德医疗,2025-10-13 09:35:58,55.31,42900,55.99,D
sh603301,振德医疗,2025-10-13 09:36:01,55.31,17600,55.31,U
sh603301,振德医疗,2025-10-13 09:36:04,55.43,38100,55.31,U
sh603301,振德医疗,2025-10-13 09:36:07,56.0,14100,55.43,U
sh603301,振德医疗,2025-10-13 09:36:10,55.31,13000,56.0,D
sh603301,振德医疗,2025-10-13 09:36:13,55.99,23400,55.31,U
sh603301,振德医疗,2025-10-13 09:36:16,55.99,46000,55.99,D
sh603301,振德医疗,2025-10-13 09:36:19,55.99,43600,55.99,D
sh603301,振德医疗,2025-10-13 09:36:22,55.9,16400,55.99,D
sh603301,振德医疗,2025-10-13 09:36:25,55.4,6700,55.9,E
sh603301,振德医疗,2025-10-13 09:36:31,55.25,24900,55.31,D
sh603301,振德医疗,2025-10-13 09:36:34,55.14,7500,55.25,D
sh603301,振德医疗,2025-10-13 09:36:37,55.0,9100,55.14,D
sh603301,振德医疗,2025-10-13 09:36:43,54.7,11100,54.84,D
sh603301,振德医疗,2025-10-13 09:36:46,54.18,13300,54.7,E
sh603301,振德医疗,2025-10-13 09:36:49,54.18,9900,54.18,D
sh603301,振德医疗,2025-10-13 09:36:52,54.18,15000,54.18,E
sh603301,振德医疗,2025-10-13 09:36:55,54.18,18400,54.18,U
sh603301,振德医疗,2025-10-13 09:36:58,55.14,8200,54.18,U
sh603301,振德医疗,2025-10-13 09:37:01,54.33,65200,55.14,D
sh603301,振德医疗,2025-10-13 09:37:04,54.94,4400,54.33,E
sh603301,振德医疗,2025-10-13 09:37:07,55.99,7400,54.94,U
sh603301,振德医疗,2025-10-13 09:37:10,54.34,19800,55.99,E
sh603301,振德医疗,2025-10-13 09:37:19,55.8,4100,54.81,U
sh603301,振德医疗,2025-10-13 09:37:25,55.8,7200,55.28,U
sh603301,振德医疗,2025-10-13 09:37:31,54.95,11500,54.95,U
sh603301,振德医疗,2025-10-13 09:37:34,55.23,6700,54.95,E
sh603301,振德医疗,2025-10-13 09:37:49,55.14,8200,55.23,D
sh603301,振德医疗,2025-10-13 09:37:55,55.3,4400,55.18,U
sh603301,振德医疗,2025-10-13 09:37:58,55.34,5500,55.3,U
sh603301,振德医疗,2025-10-13 09:38:04,55.33,4400,55.34,U
sh603301,振德医疗,2025-10-13 09:38:07,55.49,5800,55.33,E
sh603301,振德医疗,2025-10-13 09:38:10,55.3,9600,55.49,D
sh603301,振德医疗,2025-10-13 09:38:13,55.31,8800,55.3,U
sh603301,振德医疗,2025-10-13 09:38:22,55.99,205700,54.96,U
sh603301,振德医疗,2025-10-13 09:38:25,54.91,11100,55.99,D
sh603301,振德医疗,2025-10-13 09:38:34,55.0,8900,54.91,U
sh603301,振德医疗,2025-10-13 09:38:37,55.0,10300,55.0,D
sh603301,振德医疗,2025-10-13 09:38:40,55.0,4200,55.0,D
sh603301,振德医疗,2025-10-13 09:38:43,55.0,3800,55.0,D
sh603301,振德医疗,2025-10-13 09:38:49,55.01,4300,55.0,E
sh603301,振德医疗,2025-10-13 09:38:52,54.96,7781,55.01,D
sh603301,振德医疗,2025-10-13 09:38:58,55.0,6900,55.0,U
sh603301,振德医疗,2025-10-13 09:39:04,55.0,5700,55.0,U
sh603301,振德医疗,2025-10-13 09:39:07,55.02,11900,55.0,U
sh603301,振德医疗,2025-10-13 09:39:10,55.08,9300,55.02,U
sh603301,振德医疗,2025-10-13 09:39:22,55.08,11100,55.21,D
sh603301,振德医疗,2025-10-13 09:39:31,55.01,8300,55.19,D
sh603301,振德医疗,2025-10-13 09:39:34,54.96,6100,55.01,D
sh603301,振德医疗,2025-10-13 09:39:37,54.98,26519,54.96,U
sh603301,振德医疗,2025-10-13 09:39:40,54.97,4200,54.98,D
sh603301,振德医疗,2025-10-13 09:39:43,54.82,4100,54.97,E
sh603301,振德医疗,2025-10-13 09:39:49,54.71,6100,54.8,D
sh603301,振德医疗,2025-10-13 09:39:55,54.67,10400,54.56,U
sh603301,振德医疗,2025-10-13 09:39:58,54.8,6400,54.67,U
sh603301,振德医疗,2025-10-13 09:40:01,54.83,4200,54.8,U
sh603301,振德医疗,2025-10-13 09:40:04,54.78,8400,54.83,D
sh603301,振德医疗,2025-10-13 09:40:10,54.67,4000,54.58,E
sh603301,振德医疗,2025-10-13 09:40:13,54.6,10700,54.67,E
sh603301,振德医疗,2025-10-13 09:40:16,54.6,7900,54.6,D
sh603301,振德医疗,2025-10-13 09:40:19,54.6,7500,54.6,D
sh603301,振德医疗,2025-10-13 09:40:22,54.5,5200,54.6,D
sh603301,振德医疗,2025-10-13 09:40:25,54.5,17800,54.5,D
sh603301,振德医疗,2025-10-13 09:40:28,54.46,5800,54.5,D
sh603301,振德医疗,2025-10-13 09:40:31,54.68,13700,54.46,U
sh603301,振德医疗,2025-10-13 09:40:34,54.77,7000,54.68,U
sh603301,振德医疗,2025-10-13 09:40:37,54.69,6700,54.77,E
sh603301,振德医疗,2025-10-13 09:40:40,54.61,5100,54.69,D
sh603301,振德医疗,2025-10-13 09:40:43,54.83,4700,54.61,U
sh603301,振德医疗,2025-10-13 09:40:46,54.69,5500,54.83,D
sh603301,振德医疗,2025-10-13 09:40:52,54.93,18600,54.94,D
sh603301,振德医疗,2025-10-13 09:40:58,54.93,4400,54.79,U
sh603301,振德医疗,2025-10-13 09:41:01,54.92,9300,54.93,E
sh603301,振德医疗,2025-10-13 09:41:04,55.01,14000,54.92,U
sh603301,振德医疗,2025-10-13 09:41:10,55.03,10400,55.07,D
sh603301,振德医疗,2025-10-13 09:41:25,55.15,58300,55.12,U
sh603301,振德医疗,2025-10-13 09:41:46,55.33,7900,55.3,U
sh603301,振德医疗,2025-10-13 09:41:58,55.48,4500,55.5,D
sh603301,振德医疗,2025-10-13 09:42:01,55.5,8500,55.48,U
sh603301,振德医疗,2025-10-13 09:42:04,55.36,5800,55.5,D
sh603301,振德医疗,2025-10-13 09:42:07,55.47,4500,55.36,U
sh603301,振德医疗,2025-10-13 09:42:19,55.45,6800,55.33,U
sh603301,振德医疗,2025-10-13 09:42:34,55.45,4300,55.45,U
sh603301,振德医疗,2025-10-13 09:42:43,55.54,19900,55.49,U
sh603301,振德医疗,2025-10-13 09:42:55,55.65,5000,55.8,D
sh603301,振德医疗,2025-10-13 09:43:04,55.88,7800,55.68,U
sh603301,振德医疗,2025-10-13 09:43:13,55.9,4600,55.89,U
sh603301,振德医疗,2025-10-13 09:43:16,55.95,15100,55.9,U
sh603301,振德医疗,2025-10-13 09:43:19,55.97,10700,55.95,U
sh603301,振德医疗,2025-10-13 09:43:25,55.99,8700,55.98,U
sh603301,振德医疗,2025-10-13 09:43:28,55.99,6200,55.99,D
sh603301,振德医疗,2025-10-13 09:43:31,56.0,8900,55.99,U
sh603301,振德医疗,2025-10-13 09:43:34,56.0,20100,56.0,U
sh603301,振德医疗,2025-10-13 09:43:37,55.98,14000,56.0,D
sh603301,振德医疗,2025-10-13 09:43:40,56.0,7200,55.98,U
sh603301,振德医疗,2025-10-13 09:43:43,55.88,4500,56.0,D
sh603301,振德医疗,2025-10-13 09:43:49,55.86,4700,56.0,D
sh603301,振德医疗,2025-10-13 09:43:55,55.92,10600,55.98,E
sh603301,振德医疗,2025-10-13 09:44:01,55.78,5700,55.8,E
sh603301,振德医疗,2025-10-13 09:44:04,55.8,5300,55.78,E
sh603301,振德医疗,2025-10-13 09:44:10,55.7,4600,55.75,E
sh603301,振德医疗,2025-10-13 09:44:13,55.59,25700,55.7,D
sh603301,振德医疗,2025-10-13 09:44:19,55.4,8600,55.49,D
sh603301,振德医疗,2025-10-13 09:44:25,55.35,4700,55.3,E
sh603301,振德医疗,2025-10-13 09:44:31,55.33,8200,55.3,U
sh603301,振德医疗,2025-10-13 09:44:52,55.28,11800,55.15,U
sh603301,振德医疗,2025-10-13 09:44:55,55.44,14400,55.28,U
sh603301,振德医疗,2025-10-13 09:44:58,55.47,8600,55.44,U
sh603301,振德医疗,2025-10-13 09:45:01,55.42,3700,55.47,D
sh603301,振德医疗,2025-10-13 09:45:10,55.75,7200,55.55,U
sh603301,振德医疗,2025-10-13 09:45:16,55.89,7000,55.78,U
sh603301,振德医疗,2025-10-13 09:45:37,55.98,5400,55.95,U
sh603301,振德医疗,2025-10-13 09:45:43,55.95,6600,55.98,D
sh603301,振德医疗,2025-10-13 09:45:55,55.95,7700,55.95,U
sh603301,振德医疗,2025-10-13 09:45:58,55.95,8000,55.95,U
sh603301,振德医疗,2025-10-13 09:46:01,55.86,5000,55.95,D
sh603301,振德医疗,2025-10-13 09:46:04,55.86,3900,55.86,D
sh603301,振德医疗,2025-10-13 09:46:16,55.68,6100,55.7,D
sh603301,振德医疗,2025-10-13 09:46:25,55.67,3700,55.68,D
sh603301,振德医疗,2025-10-13 09:46:28,55.68,4500,55.67,U
sh603301,振德医疗,2025-10-13 09:46:49,55.66,3600,55.62,U
sh603301,振德医疗,2025-10-13 09:46:52,55.6,6900,55.66,D
sh603301,振德医疗,2025-10-13 09:47:04,55.92,31700,55.6,U
sh603301,振德医疗,2025-10-13 09:47:10,55.95,3700,55.93,U
sh603301,振德医疗,2025-10-13 09:47:37,55.82,4100,55.69,U
sh603301,振德医疗,2025-10-13 09:47:58,55.82,5600,55.82,D
sh603301,振德医疗,2025-10-13 09:48:04,55.82,6200,55.82,D
sh603301,振德医疗,2025-10-13 09:48:07,55.75,35100,55.82,E
sh603301,振德医疗,2025-10-13 09:48:13,55.87,7800,55.7,U
sh603301,振德医疗,2025-10-13 09:48:25,55.81,4400,55.71,U
sh603301,振德医疗,2025-10-13 09:48:31,55.88,7600,55.75,U
sh603301,振德医疗,2025-10-13 09:48:34,56.0,41300,55.88,U
sh603301,振德医疗,2025-10-13 09:48:40,56.11,6200,56.01,U
sh603301,振德医疗,2025-10-13 09:48:49,56.02,3700,56.01,D
sh603301,振德医疗,2025-10-13 09:48:55,56.0,7200,56.01,D
sh603301,振德医疗,2025-10-13 09:49:01,56.15,11800,56.02,U
sh603301,振德医疗,2025-10-13 09:49:13,56.15,14118,56.15,U
sh603301,振德医疗,2025-10-13 09:49:19,56.24,21000,56.22,E
sh603301,振德医疗,2025-10-13 09:49:25,56.39,10000,56.3,U
sh603301,振德医疗,2025-10-13 09:49:28,56.36,5300,56.39,D
sh603301,振德医疗,2025-10-13 09:49:34,56.45,5900,56.44,U
sh603301,振德医疗,2025-10-13 09:49:37,56.45,8200,56.45,U
sh603301,振德医疗,2025-10-13 09:49:40,56.46,9800,56.45,U
sh603301,振德医疗,2025-10-13 09:49:43,56.46,6400,56.46,U
sh603301,振德医疗,2025-10-13 09:49:46,56.46,24200,56.46,U
sh603301,振德医疗,2025-10-13 09:49:49,56.49,11900,56.46,U
sh603301,振德医疗,2025-10-13 09:49:52,56.46,5200,56.49,D
sh603301,振德医疗,2025-10-13 09:49:55,56.45,8400,56.46,U
sh603301,振德医疗,2025-10-13 09:49:58,56.18,9300,56.45,D
sh603301,振德医疗,2025-10-13 09:50:01,56.14,13582,56.18,D
sh603301,振德医疗,2025-10-13 09:50:04,56.07,9700,56.14,D
sh603301,振德医疗,2025-10-13 09:50:22,55.74,6900,55.78,D
sh603301,振德医疗,2025-10-13 09:50:25,55.78,7500,55.74,U
sh603301,振德医疗,2025-10-13 09:50:28,55.71,9300,55.78,D
sh603301,振德医疗,2025-10-13 09:50:37,55.81,4500,55.79,U
sh603301,振德医疗,2025-10-13 09:50:46,55.78,7500,55.93,D
sh603301,振德医疗,2025-10-13 09:51:01,55.8,4400,55.88,D
sh603301,振德医疗,2025-10-13 09:51:52,55.92,4500,55.99,D
sh603301,振德医疗,2025-10-13 09:52:13,55.97,4800,55.92,U
sh603301,振德医疗,2025-10-13 09:52:37,55.99,4100,56.02,D
sh603301,振德医疗,2025-10-13 09:52:46,56.04,17600,55.93,U
sh603301,振德医疗,2025-10-13 09:52:49,56.05,4800,56.04,U
sh603301,振德医疗,2025-10-13 09:52:52,56.13,9100,56.05,U
sh603301,振德医疗,2025-10-13 09:53:01,56.29,4400,56.32,D
sh603301,振德医疗,2025-10-13 09:53:04,56.18,18400,56.29,D
sh603301,振德医疗,2025-10-13 09:53:07,56.18,8800,56.18,U
sh603301,振德医疗,2025-10-13 09:54:04,55.89,18500,55.98,D
sh603301,振德医疗,2025-10-13 09:54:16,55.92,12400,55.92,E
sh603301,振德医疗,2025-10-13 09:54:34,55.91,8300,55.85,U
sh603301,振德医疗,2025-10-13 09:54:37,55.98,4900,55.91,U
sh603301,振德医疗,2025-10-13 09:54:40,55.99,6400,55.98,U
sh603301,振德医疗,2025-10-13 09:54:43,56.08,9400,55.99,U
sh603301,振德医疗,2025-10-13 09:55:40,56.32,4300,56.32,U
sh603301,振德医疗,2025-10-13 09:55:46,56.28,4300,56.32,E
sh603301,振德医疗,2025-10-13 09:55:49,56.33,4200,56.28,U
sh603301,振德医疗,2025-10-13 09:56:01,56.45,5300,56.4,U
sh603301,振德医疗,2025-10-13 09:56:04,56.3,9000,56.45,D
sh603301,振德医疗,2025-10-13 09:56:07,56.28,3800,56.3,D
sh603301,振德医疗,2025-10-13 09:56:10,56.36,26800,56.28,U
sh603301,振德医疗,2025-10-13 09:56:13,56.23,7500,56.36,D
sh603301,振德医疗,2025-10-13 09:56:16,56.06,6900,56.23,D
sh603301,振德医疗,2025-10-13 09:56:19,56.06,4300,56.06,D
sh603301,振德医疗,2025-10-13 09:56:31,56.05,6400,56.06,D
sh603301,振德医疗,2025-10-13 09:57:04,56.18,6100,56.17,E
sh603301,振德医疗,2025-10-13 09:57:07,56.13,3800,56.18,E
sh603301,振德医疗,2025-10-13 09:57:31,56.35,7900,56.4,D
sh603301,振德医疗,2025-10-13 09:57:34,56.32,6400,56.35,D
sh603301,振德医疗,2025-10-13 09:57:49,56.07,4200,56.12,D
sh603301,振德医疗,2025-10-13 09:57:55,56.2,3600,56.18,U
sh603301,振德医疗,2025-10-13 09:58:55,56.0,11900,56.01,D
sh603301,振德医疗,2025-10-13 09:58:58,56.0,17420,56.0,D
sh603301,振德医疗,2025-10-13 09:59:01,56.0,8280,56.0,D
sh603301,振德医疗,2025-10-13 09:59:04,55.99,4800,56.0,E
sh603301,振德医疗,2025-10-13 09:59:40,55.87,10200,55.89,D
sh603301,振德医疗,2025-10-13 09:59:46,55.87,4100,55.88,D
sh603301,振德医疗,2025-10-13 09:59:49,55.87,19800,55.87,D
sh603301,振德医疗,2025-10-13 09:59:52,55.87,4300,55.87,D
sh603301,振德医疗,2025-10-13 09:59:55,55.88,7000,55.87,U
sh603301,振德医疗,2025-10-13 10:00:01,55.88,7300,55.88,D
sh603301,振德医疗,2025-10-13 10:00:07,55.89,7000,55.87,U
sh603301,振德医疗,2025-10-13 10:00:25,55.87,3900,55.88,D
sh603301,振德医疗,2025-10-13 10:00:31,55.94,6300,55.87,U
sh603301,振德医疗,2025-10-13 10:00:37,55.89,10100,55.89,D
sh603301,振德医疗,2025-10-13 10:00:52,55.92,4600,56.0,D
sh603301,振德医疗,2025-10-13 10:01:01,55.89,30600,55.9,D
sh603301,振德医疗,2025-10-13 10:01:13,55.87,7800,55.87,D
sh603301,振德医疗,2025-10-13 10:01:40,55.87,3600,55.87,D
sh603301,振德医疗,2025-10-13 10:01:52,55.87,4400,55.87,D
sh603301,振德医疗,2025-10-13 10:02:01,55.88,4900,55.87,U
sh603301,振德医疗,2025-10-13 10:02:04,55.83,56180,55.88,D
sh603301,振德医疗,2025-10-13 10:02:07,55.76,11700,55.83,D
sh603301,振德医疗,2025-10-13 10:02:16,55.71,4400,55.75,D
sh603301,振德医疗,2025-10-13 10:02:22,55.71,7200,55.71,D
sh603301,振德医疗,2025-10-13 10:02:25,55.71,13600,55.71,D
sh603301,振德医疗,2025-10-13 10:02:34,55.61,8500,55.61,E
sh603301,振德医疗,2025-10-13 10:02:37,55.67,11800,55.61,U
sh603301,振德医疗,2025-10-13 10:02:49,55.68,6000,55.69,D
sh603301,振德医疗,2025-10-13 10:02:55,55.73,4700,55.68,E
sh603301,振德医疗,2025-10-13 10:03:04,55.93,10600,55.8,U
sh603301,振德医疗,2025-10-13 10:03:13,55.95,4900,55.85,U
sh603301,振德医疗,2025-10-13 10:03:28,56.06,6500,55.96,U
sh603301,振德医疗,2025-10-13 10:03:31,56.07,3900,56.06,U
sh603301,振德医疗,2025-10-13 10:03:43,56.19,5400,56.15,U
sh603301,振德医疗,2025-10-13 10:03:52,56.15,6500,56.14,U
sh603301,振德医疗,2025-10-13 10:04:10,56.01,14400,56.09,D
sh603301,振德医疗,2025-10-13 10:04:28,55.6,11500,55.9,D
sh603301,振德医疗,2025-10-13 10:04:34,55.99,4600,55.99,U
sh603301,振德医疗,2025-10-13 10:04:37,55.7,4500,55.99,D
sh603301,振德医疗,2025-10-13 10:04:46,56.05,5300,55.99,U
sh603301,振德医疗,2025-10-13 10:04:55,56.13,3900,56.01,U
sh603301,振德医疗,2025-10-13 10:08:13,55.87,9800,55.81,U
sh603301,振德医疗,2025-10-13 10:08:16,56.02,10700,55.87,U
sh603301,振德医疗,2025-10-13 10:08:58,56.04,7600,55.99,U
sh603301,振德医疗,2025-10-13 10:09:01,56.15,22400,56.04,U
sh603301,振德医疗,2025-10-13 10:09:04,56.15,4900,56.15,U
sh603301,振德医疗,2025-10-13 10:09:10,56.26,3700,56.2,U
sh603301,振德医疗,2025-10-13 10:09:46,56.24,7800,56.27,D
sh603301,振德医疗,2025-10-13 10:09:49,56.3,7900,56.24,U
sh603301,振德医疗,2025-10-13 10:10:04,56.18,5100,56.14,E
sh603301,振德医疗,2025-10-13 10:10:10,56.19,5400,56.17,U
sh603301,振德医疗,2025-10-13 10:10:13,56.21,29100,56.19,U
sh603301,振德医疗,2025-10-13 10:10:19,56.27,5300,56.18,U
sh603301,振德医疗,2025-10-13 10:10:22,56.22,16000,56.27,D
sh603301,振德医疗,2025-10-13 10:10:34,56.2,5000,56.19,U
sh603301,振德医疗,2025-10-13 10:10:46,56.26,5100,56.26,U
sh603301,振德医疗,2025-10-13 10:10:52,56.26,8125,56.26,D
sh603301,振德医疗,2025-10-13 10:10:55,56.24,5800,56.26,E
sh603301,振德医疗,2025-10-13 10:10:58,56.26,9100,56.24,U
sh603301,振德医疗,2025-10-13 10:11:04,56.18,9900,56.22,D
sh603301,振德医疗,2025-10-13 10:11:22,56.13,10100,56.16,D
sh603301,振德医疗,2025-10-13 10:12:04,55.94,8100,56.05,D
sh603301,振德医疗,2025-10-13 10:12:49,56.16,4800,56.07,U
sh603301,振德医疗,2025-10-13 10:13:04,55.96,19700,56.1,D
sh603301,振德医疗,2025-10-13 10:13:19,56.0,3600,55.92,E
sh603301,振德医疗,2025-10-13 10:13:22,55.89,5300,56.0,D
sh603301,振德医疗,2025-10-13 10:13:37,55.8,18100,55.81,D
sh603301,振德医疗,2025-10-13 10:13:52,55.75,4400,55.75,D
sh603301,振德医疗,2025-10-13 10:13:55,55.73,5900,55.75,D
sh603301,振德医疗,2025-10-13 10:14:22,55.69,6700,55.68,U
sh603301,振德医疗,2025-10-13 10:14:25,55.7,21800,55.69,U
sh603301,振德医疗,2025-10-13 10:14:37,55.83,3900,55.81,U
sh603301,振德医疗,2025-10-13 10:14:58,55.84,5100,55.86,D
sh603301,振德医疗,2025-10-13 10:15:04,55.86,4000,55.84,U
sh603301,振德医疗,2025-10-13 10:15:22,56.06,4200,56.06,D
sh603301,振德医疗,2025-10-13 10:16:07,55.91,4500,56.01,D
sh603301,振德医疗,2025-10-13 10:16:19,55.97,7700,55.97,D
sh603301,振德医疗,2025-10-13 10:17:07,56.18,6900,56.19,D
sh603301,振德医疗,2025-10-13 10:19:01,55.9,4300,55.87,U
sh603301,振德医疗,2025-10-13 10:19:16,55.9,4200,55.9,D
sh603301,振德医疗,2025-10-13 10:19:19,55.82,4700,55.9,D
sh603301,振德医疗,2025-10-13 10:19:49,55.87,4500,55.84,U
sh603301,振德医疗,2025-10-13 10:20:01,55.8,3700,55.87,D
sh603301,振德医疗,2025-10-13 10:20:58,55.62,7700,55.61,U
sh603301,振德医疗,2025-10-13 10:21:07,55.6,12652,55.63,D
sh603301,振德医疗,2025-10-13 10:21:16,55.6,5200,55.6,D
sh603301,振德医疗,2025-10-13 10:21:22,55.6,4600,55.6,D
sh603301,振德医疗,2025-10-13 10:21:46,55.5,18548,55.62,D
sh603301,振德医疗,2025-10-13 10:21:49,55.54,3700,55.5,U
sh603301,振德医疗,2025-10-13 10:21:52,55.55,6552,55.54,U
sh603301,振德医疗,2025-10-13 10:21:58,55.5,6900,55.55,D
sh603301,振德医疗,2025-10-13 10:22:04,55.5,18200,55.55,D
sh603301,振德医疗,2025-10-13 10:22:16,55.58,4300,55.5,U
sh603301,振德医疗,2025-10-13 10:22:22,55.58,7900,55.58,D
sh603301,振德医疗,2025-10-13 10:22:34,55.57,4300,55.55,U
sh603301,振德医疗,2025-10-13 10:22:55,55.5,5100,55.5,D
sh603301,振德医疗,2025-10-13 10:23:01,55.58,10400,55.5,U
sh603301,振德医疗,2025-10-13 10:24:16,55.76,4200,55.67,U
sh603301,振德医疗,2025-10-13 10:24:22,55.76,5600,55.76,U
sh603301,振德医疗,2025-10-13 10:24:25,55.76,5400,55.76,U
sh603301,振德医疗,2025-10-13 10:24:40,55.77,7900,55.76,U
sh603301,振德医疗,2025-10-13 10:25:04,55.65,3800,55.63,E
sh603301,振德医疗,2025-10-13 10:25:31,55.57,12900,55.61,D
sh603301,振德医疗,2025-10-13 10:25:43,55.52,9600,55.56,D
sh603301,振德医疗,2025-10-13 10:28:16,55.78,4200,55.67,U
sh603301,振德医疗,2025-10-13 10:28:34,55.86,24800,55.81,U
sh603301,振德医疗,2025-10-13 10:28:43,55.83,13300,55.74,E
sh603301,振德医疗,2025-10-13 10:28:55,56.06,8400,55.94,U
sh603301,振德医疗,2025-10-13 10:30:31,55.94,6700,55.94,D
sh603301,振德医疗,2025-10-13 10:30:34,55.94,4800,55.94,D
sh603301,振德医疗,2025-10-13 10:30:37,55.94,4500,55.94,D
sh603301,振德医疗,2025-10-13 10:30:58,55.99,9200,55.94,U
sh603301,振德医疗,2025-10-13 10:31:01,56.07,4600,55.99,U
sh603301,振德医疗,2025-10-13 10:31:07,56.16,34600,56.06,U
sh603301,振德医疗,2025-10-13 10:31:13,56.25,35600,56.14,U
sh603301,振德医疗,2025-10-13 10:31:16,56.27,4600,56.25,U
sh603301,振德医疗,2025-10-13 10:31:34,56.28,4500,56.27,U
sh603301,振德医疗,2025-10-13 10:31:52,56.36,3900,56.35,U
sh603301,振德医疗,2025-10-13 10:31:55,56.3,4700,56.36,D
sh603301,振德医疗,2025-10-13 10:32:01,56.4,27000,56.35,U
sh603301,振德医疗,2025-10-13 10:32:04,56.4,8200,56.4,U
sh603301,振德医疗,2025-10-13 10:32:10,56.39,3800,56.4,D
sh603301,振德医疗,2025-10-13 10:32:40,56.39,3800,56.39,D
sh603301,振德医疗,2025-10-13 10:32:55,56.4,4900,56.39,U
sh603301,振德医疗,2025-10-13 10:34:04,56.3,3600,56.32,D
sh603301,振德医疗,2025-10-13 10:34:46,56.22,4300,56.19,U
sh603301,振德医疗,2025-10-13 10:34:52,56.3,4900,56.29,U
sh603301,振德医疗,2025-10-13 10:35:04,56.38,3700,56.33,U
sh603301,振德医疗,2025-10-13 10:35:07,56.3,9600,56.38,D
sh603301,振德医疗,2025-10-13 10:35:10,56.22,5819,56.3,D
sh603301,振德医疗,2025-10-13 10:35:40,56.15,15900,56.08,D
sh603301,振德医疗,2025-10-13 10:35:49,56.05,4600,56.1,D
sh603301,振德医疗,2025-10-13 10:36:04,56.0,6000,56.0,U
sh603301,振德医疗,2025-10-13 10:36:07,56.01,3700,56.0,U
sh603301,振德医疗,2025-10-13 10:36:28,56.0,30500,56.06,D
sh603301,振德医疗,2025-10-13 10:36:46,55.99,12800,56.0,D
sh603301,振德医疗,2025-10-13 10:37:04,56.05,3900,55.98,E
sh603301,振德医疗,2025-10-13 10:38:34,56.17,8700,56.19,D
sh603301,振德医疗,2025-10-13 10:39:07,55.98,20400,56.08,D
sh603301,振德医疗,2025-10-13 10:39:40,55.99,30500,55.98,D
sh603301,振德医疗,2025-10-13 10:39:46,55.88,35500,55.94,D
sh603301,振德医疗,2025-10-13 10:40:04,55.61,8200,55.81,D
sh603301,振德医疗,2025-10-13 10:40:58,55.82,16400,55.94,D
sh603301,振德医疗,2025-10-13 10:41:13,55.86,20800,55.9,D
sh603301,振德医疗,2025-10-13 10:41:22,55.83,30200,55.91,E
sh603301,振德医疗,2025-10-13 10:41:34,56.07,11100,55.92,U
sh603301,振德医疗,2025-10-13 10:41:37,56.1,4100,56.07,U
sh603301,振德医疗,2025-10-13 10:42:19,56.16,6900,56.1,U
sh603301,振德医疗,2025-10-13 10:43:04,56.3,29000,56.1,U
sh603301,振德医疗,2025-10-13 10:43:22,56.49,42336,56.36,U
sh603301,振德医疗,2025-10-13 10:43:25,56.6,26513,56.49,U
sh603301,振德医疗,2025-10-13 10:43:28,56.69,6200,56.6,U
sh603301,振德医疗,2025-10-13 10:43:31,56.69,5200,56.69,U
sh603301,振德医疗,2025-10-13 10:43:34,56.69,5300,56.69,U
sh603301,振德医疗,2025-10-13 10:43:49,56.85,10300,56.85,D
sh603301,振德医疗,2025-10-13 10:43:52,56.68,14200,56.85,D
sh603301,振德医疗,2025-10-13 10:43:55,56.69,54100,56.68,U
sh603301,振德医疗,2025-10-13 10:44:13,56.9,4200,56.85,U
sh603301,振德医疗,2025-10-13 10:44:22,57.0,20600,56.91,U
sh603301,振德医疗,2025-10-13 10:44:28,57.07,13400,57.01,U
sh603301,振德医疗,2025-10-13 10:44:31,57.07,5200,57.07,U
sh603301,振德医疗,2025-10-13 10:44:34,57.11,11400,57.07,U
sh603301,振德医疗,2025-10-13 10:44:40,57.07,8500,57.11,D
sh603301,振德医疗,2025-10-13 10:44:43,57.01,13700,57.07,D
sh603301,振德医疗,2025-10-13 10:44:46,57.05,7400,57.01,U
sh603301,振德医疗,2025-10-13 10:44:49,56.99,9800,57.05,U
sh603301,振德医疗,2025-10-13 10:44:51,56.85,58400,56.99,D
sh603301,振德医疗,2025-10-13 10:44:55,56.98,15500,56.85,U
sh603301,振德医疗,2025-10-13 10:45:07,56.98,5700,56.97,U
sh603301,振德医疗,2025-10-13 10:45:13,56.99,5900,56.98,U
sh603301,振德医疗,2025-10-13 10:45:31,57.18,3700,57.08,U
sh603301,振德医疗,2025-10-13 10:45:43,57.25,22900,57.3,D
sh603301,振德医疗,2025-10-13 10:45:46,57.18,39400,57.25,D
sh603301,振德医疗,2025-10-13 10:45:49,57.25,43400,57.18,U
sh603301,振德医疗,2025-10-13 10:45:52,57.16,5800,57.25,E
sh603301,振德医疗,2025-10-13 10:45:55,56.9,14200,57.16,D
sh603301,振德医疗,2025-10-13 10:45:58,56.99,7100,56.9,E
sh603301,振德医疗,2025-10-13 10:46:01,56.98,4700,56.99,E
sh603301,振德医疗,2025-10-13 10:46:04,56.91,3900,56.98,D
sh603301,振德医疗,2025-10-13 10:46:19,57.09,18900,57.08,U
sh603301,振德医疗,2025-10-13 10:46:25,57.1,7400,57.11,E
sh603301,振德医疗,2025-10-13 10:46:28,57.11,24600,57.1,U
sh603301,振德医疗,2025-10-13 10:46:34,57.07,10000,57.11,D
sh603301,振德医疗,2025-10-13 10:46:37,56.98,25900,57.07,D
sh603301,振德医疗,2025-10-13 10:46:40,56.88,16100,56.98,D
sh603301,振德医疗,2025-10-13 10:46:43,56.8,7900,56.88,D
sh603301,振德医疗,2025-10-13 10:46:55,56.72,9800,56.82,D
sh603301,振德医疗,2025-10-13 10:47:01,56.49,13287,56.71,D
sh603301,振德医疗,2025-10-13 10:47:19,56.5,7500,56.49,D
sh603301,振德医疗,2025-10-13 10:47:22,56.6,10700,56.5,U
sh603301,振德医疗,2025-10-13 10:47:28,56.49,4700,56.59,D
sh603301,振德医疗,2025-10-13 10:48:28,56.67,4200,56.69,D
sh603301,振德医疗,2025-10-13 10:48:31,56.63,4300,56.67,D
sh603301,振德医疗,2025-10-13 10:48:34,56.6,4200,56.63,E
sh603301,振德医疗,2025-10-13 10:48:37,56.5,40900,56.6,D
sh603301,振德医疗,2025-10-13 10:48:55,56.59,5000,56.51,U
sh603301,振德医疗,2025-10-13 10:49:04,56.6,9400,56.52,U
sh603301,振德医疗,2025-10-13 10:49:31,56.81,4500,56.8,U
sh603301,振德医疗,2025-10-13 10:49:34,56.86,14500,56.81,U
sh603301,振德医疗,2025-10-13 10:49:58,57.04,5400,57.01,U
sh603301,振德医疗,2025-10-13 10:50:01,57.04,4800,57.04,D
sh603301,振德医疗,2025-10-13 10:50:04,57.08,11500,57.04,U
sh603301,振德医疗,2025-10-13 10:50:19,57.05,19600,57.08,D
sh603301,振德医疗,2025-10-13 10:50:22,56.98,22000,57.05,D
sh603301,振德医疗,2025-10-13 10:50:25,56.95,5400,56.98,D
sh603301,振德医疗,2025-10-13 10:50:37,56.86,7800,56.87,D
sh603301,振德医疗,2025-10-13 10:50:40,56.82,10300,56.86,D
sh603301,振德医疗,2025-10-13 10:51:04,56.84,7700,56.83,U
sh603301,振德医疗,2025-10-13 10:51:10,56.94,9500,56.84,U
sh603301,振德医疗,2025-10-13 10:51:13,56.98,4600,56.94,U
sh603301,振德医疗,2025-10-13 10:51:46,57.15,4200,57.2,D
sh603301,振德医疗,2025-10-13 10:51:49,57.2,7900,57.15,U
sh603301,振德医疗,2025-10-13 10:51:52,57.2,5700,57.2,U
sh603301,振德医疗,2025-10-13 10:51:58,57.21,4800,57.2,U
sh603301,振德医疗,2025-10-13 10:52:07,57.26,4500,57.26,U
sh603301,振德医疗,2025-10-13 10:52:10,57.24,7100,57.26,E
sh603301,振德医疗,2025-10-13 10:52:13,57.21,3900,57.24,D
sh603301,振德医疗,2025-10-13 10:52:16,57.07,47700,57.21,D
sh603301,振德医疗,2025-10-13 10:52:19,57.06,38600,57.07,E
sh603301,振德医疗,2025-10-13 10:52:22,57.07,5400,57.06,U
sh603301,振德医疗,2025-10-13 10:52:25,57.16,6700,57.07,U
sh603301,振德医疗,2025-10-13 10:52:28,57.2,18900,57.16,U
sh603301,振德医疗,2025-10-13 10:52:31,57.18,6500,57.2,D
sh603301,振德医疗,2025-10-13 10:52:37,57.21,11400,57.21,U
sh603301,振德医疗,2025-10-13 10:52:40,57.21,6400,57.21,U
sh603301,振德医疗,2025-10-13 10:52:43,57.18,5400,57.21,D
sh603301,振德医疗,2025-10-13 10:52:46,57.21,17700,57.18,U
sh603301,振德医疗,2025-10-13 10:52:55,57.22,4500,57.21,U
sh603301,振德医疗,2025-10-13 10:53:13,57.3,11100,57.28,U
sh603301,振德医疗,2025-10-13 10:53:19,57.35,5600,57.34,U
sh603301,振德医疗,2025-10-13 10:53:22,57.37,5500,57.35,U
sh603301,振德医疗,2025-10-13 10:53:31,57.49,13000,57.5,E
sh603301,振德医疗,2025-10-13 10:53:34,57.39,4400,57.49,D
sh603301,振德医疗,2025-10-13 10:53:37,57.5,9400,57.39,U
sh603301,振德医疗,2025-10-13 10:53:40,57.5,8800,57.5,U
sh603301,振德医疗,2025-10-13 10:53:43,57.49,21600,57.5,D
sh603301,振德医疗,2025-10-13 10:53:46,57.34,33400,57.49,D
sh603301,振德医疗,2025-10-13 10:53:49,57.26,3600,57.34,D
sh603301,振德医疗,2025-10-13 10:53:52,57.25,14500,57.26,D
sh603301,振德医疗,2025-10-13 10:53:58,57.26,29400,57.24,U
sh603301,振德医疗,2025-10-13 10:54:25,57.32,13000,57.33,E
sh603301,振德医疗,2025-10-13 10:54:31,57.17,9200,57.25,D
sh603301,振德医疗,2025-10-13 10:54:34,57.07,8000,57.17,D
sh603301,振德医疗,2025-10-13 10:54:40,57.01,6800,57.01,D
sh603301,振德医疗,2025-10-13 10:54:43,57.0,7700,57.01,D
sh603301,振德医疗,2025-10-13 10:55:10,57.21,3500,57.08,U
sh603301,振德医疗,2025-10-13 10:55:46,57.38,7700,57.25,U
sh603301,振德医疗,2025-10-13 10:55:58,57.4,5300,57.4,U
sh603301,振德医疗,2025-10-13 10:56:07,57.4,7500,57.4,U
sh603301,振德医疗,2025-10-13 10:56:10,57.4,18100,57.4,U
sh603301,振德医疗,2025-10-13 10:56:22,57.4,16100,57.41,D
sh603301,振德医疗,2025-10-13 10:56:25,57.25,8200,57.4,D
sh603301,振德医疗,2025-10-13 10:56:31,57.42,23413,57.25,U
sh603301,振德医疗,2025-10-13 10:56:37,57.5,15900,57.43,U
sh603301,振德医疗,2025-10-13 10:56:46,57.72,7600,57.7,U
sh603301,振德医疗,2025-10-13 10:56:58,57.76,5700,57.75,U
sh603301,振德医疗,2025-10-13 10:57:04,57.79,3800,57.76,U
sh603301,振德医疗,2025-10-13 10:57:07,57.8,4200,57.79,E
sh603301,振德医疗,2025-10-13 10:57:10,57.76,19900,57.8,D
sh603301,振德医疗,2025-10-13 10:57:13,57.78,6600,57.76,U
sh603301,振德医疗,2025-10-13 10:57:16,57.92,20200,57.78,U
sh603301,振德医疗,2025-10-13 10:57:25,58.2,5900,58.18,U
sh603301,振德医疗,2025-10-13 10:57:34,58.28,14300,58.27,U
sh603301,振德医疗,2025-10-13 10:57:37,58.19,19300,58.28,D
sh603301,振德医疗,2025-10-13 10:57:40,58.07,5700,58.19,D
sh603301,振德医疗,2025-10-13 10:57:43,58.19,13500,58.07,U
sh603301,振德医疗,2025-10-13 10:57:46,58.27,7900,58.19,U
sh603301,振德医疗,2025-10-13 10:57:49,58.26,5400,58.27,E
sh603301,振德医疗,2025-10-13 10:57:52,58.26,5700,58.26,U
sh603301,振德医疗,2025-10-13 10:57:54,58.17,21000,58.26,D
sh603301,振德医疗,2025-10-13 10:58:01,58.18,5200,58.18,U
sh603301,振德医疗,2025-10-13 10:58:04,58.18,10900,58.18,U
sh603301,振德医疗,2025-10-13 10:58:10,58.1,15400,58.18,D
sh603301,振德医疗,2025-10-13 10:58:13,58.18,23100,58.1,U
sh603301,振德医疗,2025-10-13 10:58:19,58.11,18300,58.18,D
sh603301,振德医疗,2025-10-13 10:58:43,58.18,12300,58.08,U
sh603301,振德医疗,2025-10-13 10:58:49,58.2,11100,58.17,U
sh603301,振德医疗,2025-10-13 10:59:04,58.29,4600,58.28,U
sh603301,振德医疗,2025-10-13 10:59:10,58.29,4400,58.29,U
sh603301,振德医疗,2025-10-13 10:59:16,58.4,11300,58.29,U
sh603301,振德医疗,2025-10-13 10:59:34,58.6,13300,58.61,D
sh603301,振德医疗,2025-10-13 10:59:37,58.52,36400,58.6,D
sh603301,振德医疗,2025-10-13 10:59:40,58.58,3800,58.52,U
sh603301,振德医疗,2025-10-13 10:59:43,58.5,4600,58.58,D
sh603301,振德医疗,2025-10-13 10:59:52,58.6,3800,58.59,U
sh603301,振德医疗,2025-10-13 10:59:55,58.6,9300,58.6,U
sh603301,振德医疗,2025-10-13 11:00:19,58.88,8300,58.88,D
sh603301,振德医疗,2025-10-13 11:00:22,58.9,7000,58.88,E
sh603301,振德医疗,2025-10-13 11:00:25,58.96,19400,58.9,U
sh603301,振德医疗,2025-10-13 11:00:31,58.98,4000,58.96,U
sh603301,振德医疗,2025-10-13 11:00:34,58.98,15600,58.98,U
sh603301,振德医疗,2025-10-13 11:00:37,58.98,13100,58.98,U
sh603301,振德医疗,2025-10-13 11:00:40,58.99,8600,58.98,U
sh603301,振德医疗,2025-10-13 11:00:46,59.17,16100,59.0,U
sh603301,振德医疗,2025-10-13 11:00:49,59.0,7000,59.17,D
sh603301,振德医疗,2025-10-13 11:00:52,59.01,86800,59.0,E
sh603301,振德医疗,2025-10-13 11:00:55,59.01,29800,59.01,U
sh603301,振德医疗,2025-10-13 11:00:58,59.07,10900,59.01,U
sh603301,振德医疗,2025-10-13 11:01:01,58.89,7300,59.07,E
sh603301,振德医疗,2025-10-13 11:01:04,58.88,4000,58.89,E
sh603301,振德医疗,2025-10-13 11:01:07,58.72,15000,58.88,E
sh603301,振德医疗,2025-10-13 11:01:10,58.63,3700,58.72,D
sh603301,振德医疗,2025-10-13 11:01:13,58.7,4600,58.63,U
sh603301,振德医疗,2025-10-13 11:01:19,58.52,21700,58.63,D
sh603301,振德医疗,2025-10-13 11:01:22,58.72,32100,58.52,U
sh603301,振德医疗,2025-10-13 11:01:25,58.72,7200,58.72,D
sh603301,振德医疗,2025-10-13 11:01:43,58.99,5100,58.95,U
sh603301,振德医疗,2025-10-13 11:01:46,59.01,4500,58.99,U
sh603301,振德医疗,2025-10-13 11:01:55,59.06,3800,59.04,U
sh603301,振德医疗,2025-10-13 11:01:58,59.06,4400,59.06,U
sh603301,振德医疗,2025-10-13 11:02:01,58.97,36800,59.06,D
sh603301,振德医疗,2025-10-13 11:02:04,58.94,3500,58.97,E
sh603301,振德医疗,2025-10-13 11:02:07,58.72,6000,58.94,D
sh603301,振德医疗,2025-10-13 11:02:10,58.92,10000,58.72,U
sh603301,振德医疗,2025-10-13 11:02:19,58.76,5500,58.7,D
sh603301,振德医疗,2025-10-13 11:02:28,58.63,13100,58.72,D
sh603301,振德医疗,2025-10-13 11:02:31,58.56,3900,58.63,U
sh603301,振德医疗,2025-10-13 11:02:37,58.51,4300,58.55,D
sh603301,振德医疗,2025-10-13 11:02:40,58.54,9300,58.51,E
sh603301,振德医疗,2025-10-13 11:02:46,58.51,4000,58.51,U
sh603301,振德医疗,2025-10-13 11:02:49,58.53,4300,58.51,E
sh603301,振德医疗,2025-10-13 11:02:58,58.68,6200,58.62,U
sh603301,振德医疗,2025-10-13 11:03:04,58.68,3600,58.72,D
sh603301,振德医疗,2025-10-13 11:03:19,58.65,21300,58.79,D
sh603301,振德医疗,2025-10-13 11:03:22,58.75,7800,58.65,U
sh603301,振德医疗,2025-10-13 11:03:34,58.59,25800,58.7,D
sh603301,振德医疗,2025-10-13 11:03:37,58.61,21000,58.59,U
sh603301,振德医疗,2025-10-13 11:03:46,58.51,3800,58.51,D
sh603301,振德医疗,2025-10-13 11:03:49,58.59,13200,58.51,U
sh603301,振德医疗,2025-10-13 11:03:52,58.57,4100,58.59,D
sh603301,振德医疗,2025-10-13 11:04:01,58.56,5200,58.54,U
sh603301,振德医疗,2025-10-13 11:04:04,58.56,6700,58.56,U
sh603301,振德医疗,2025-10-13 11:04:55,58.83,12200,58.8,U
sh603301,振德医疗,2025-10-13 11:05:01,59.0,3400,58.85,U
sh603301,振德医疗,2025-10-13 11:05:10,59.0,8000,59.0,D
sh603301,振德医疗,2025-10-13 11:05:13,58.81,5300,59.0,D
sh603301,振德医疗,2025-10-13 11:05:16,58.89,5700,58.81,E
sh603301,振德医疗,2025-10-13 11:05:19,58.93,3900,58.89,U
sh603301,振德医疗,2025-10-13 11:05:34,58.87,13000,58.93,D
sh603301,振德医疗,2025-10-13 11:05:37,58.74,34000,58.87,D
sh603301,振德医疗,2025-10-13 11:05:40,58.58,19000,58.74,D
sh603301,振德医疗,2025-10-13 11:05:46,58.58,28200,58.58,D
sh603301,振德医疗,2025-10-13 11:05:49,58.54,29900,58.58,D
sh603301,振德医疗,2025-10-13 11:05:55,58.59,13800,58.58,U
sh603301,振德医疗,2025-10-13 11:06:04,58.4,8800,58.59,D
sh603301,振德医疗,2025-10-13 11:06:16,58.5,11300,58.43,U
sh603301,振德医疗,2025-10-13 11:06:34,58.58,3700,58.7,D
sh603301,振德医疗,2025-10-13 11:06:37,58.72,3600,58.58,U
sh603301,振德医疗,2025-10-13 11:06:40,58.72,6900,58.72,D
sh603301,振德医疗,2025-10-13 11:06:49,58.72,4300,58.72,D
sh603301,振德医疗,2025-10-13 11:06:52,58.85,5300,58.72,U
sh603301,振德医疗,2025-10-13 11:07:01,58.87,5800,58.85,D
sh603301,振德医疗,2025-10-13 11:07:04,58.99,5524,58.87,U
sh603301,振德医疗,2025-10-13 11:07:07,58.99,31100,58.99,E
sh603301,振德医疗,2025-10-13 11:07:19,59.2,19400,59.15,U
sh603301,振德医疗,2025-10-13 11:07:25,59.2,3400,59.2,U
sh603301,振德医疗,2025-10-13 11:07:28,59.2,4600,59.2,U
sh603301,振德医疗,2025-10-13 11:07:43,59.4,4300,59.49,D
sh603301,振德医疗,2025-10-13 11:07:46,59.22,22700,59.4,D
sh603301,振德医疗,2025-10-13 11:07:49,59.41,6300,59.22,U
sh603301,振德医疗,2025-10-13 11:07:52,59.44,3500,59.41,U
sh603301,振德医疗,2025-10-13 11:07:55,59.43,8000,59.44,U
sh603301,振德医疗,2025-10-13 11:07:58,59.28,4100,59.43,D
sh603301,振德医疗,2025-10-13 11:08:01,59.42,5300,59.28,U
sh603301,振德医疗,2025-10-13 11:08:04,59.41,8500,59.42,D
sh603301,振德医疗,2025-10-13 11:08:07,59.44,8000,59.41,U
sh603301,振德医疗,2025-10-13 11:08:16,59.41,3900,59.42,D
sh603301,振德医疗,2025-10-13 11:08:19,59.4,6600,59.41,E
sh603301,振德医疗,2025-10-13 11:08:22,59.45,3600,59.4,U
sh603301,振德医疗,2025-10-13 11:08:28,59.45,4400,59.45,U
sh603301,振德医疗,2025-10-13 11:08:31,59.45,5900,59.45,U
sh603301,振德医疗,2025-10-13 11:08:34,59.45,6500,59.45,D
sh603301,振德医疗,2025-10-13 11:08:37,59.45,11900,59.45,U
sh603301,振德医疗,2025-10-13 11:08:40,59.45,4300,59.45,U
sh603301,振德医疗,2025-10-13 11:08:43,59.41,6700,59.45,D
sh603301,振德医疗,2025-10-13 11:08:46,59.41,8700,59.41,D
sh603301,振德医疗,2025-10-13 11:08:52,59.45,9200,59.41,U
sh603301,振德医疗,2025-10-13 11:09:10,59.32,8400,59.45,D
sh603301,振德医疗,2025-10-13 11:09:13,59.16,58600,59.32,D
sh603301,振德医疗,2025-10-13 11:09:16,59.04,6800,59.16,D
sh603301,振德医疗,2025-10-13 11:09:19,59.0,12300,59.04,D
sh603301,振德医疗,2025-10-13 11:09:34,58.85,25300,58.98,D
sh603301,振德医疗,2025-10-13 11:09:37,58.88,12100,58.85,U
sh603301,振德医疗,2025-10-13 11:09:43,58.72,5200,58.85,D
sh603301,振德医疗,2025-10-13 11:09:49,58.88,6600,58.9,D
sh603301,振德医疗,2025-10-13 11:10:04,58.89,11300,58.97,D
sh603301,振德医疗,2025-10-13 11:10:16,59.03,8600,59.03,D
sh603301,振德医疗,2025-10-13 11:10:31,59.2,10500,59.25,D
sh603301,振德医疗,2025-10-13 11:10:34,59.12,9400,59.2,D
sh603301,振德医疗,2025-10-13 11:10:43,58.97,4400,58.99,E
sh603301,振德医疗,2025-10-13 11:11:07,59.18,7100,59.17,U
sh603301,振德医疗,2025-10-13 11:11:19,59.19,8700,59.14,U
sh603301,振德医疗,2025-10-13 11:11:24,59.19,9000,59.24,D
sh603301,振德医疗,2025-10-13 11:11:28,59.24,3800,59.19,D
sh603301,振德医疗,2025-10-13 11:11:37,59.4,5500,59.28,U
sh603301,振德医疗,2025-10-13 11:11:43,59.39,3500,59.41,U
sh603301,振德医疗,2025-10-13 11:11:46,59.26,4200,59.39,D
sh603301,振德医疗,2025-10-13 11:11:49,59.19,14400,59.26,D
sh603301,振德医疗,2025-10-13 11:11:52,59.25,16800,59.19,U
sh603301,振德医疗,2025-10-13 11:12:01,59.24,11600,59.24,U
sh603301,振德医疗,2025-10-13 11:12:04,59.25,4700,59.24,U
sh603301,振德医疗,2025-10-13 11:12:19,59.09,33500,59.19,D
sh603301,振德医疗,2025-10-13 11:12:31,58.78,4500,59.06,D
sh603301,振德医疗,2025-10-13 11:12:34,58.84,5900,58.78,U
sh603301,振德医疗,2025-10-13 11:12:52,58.6,22800,58.66,D
sh603301,振德医疗,2025-10-13 11:13:07,58.83,5300,58.8,U
sh603301,振德医疗,2025-10-13 11:13:10,58.8,3600,58.83,D
sh603301,振德医疗,2025-10-13 11:13:31,58.89,11800,58.83,U
sh603301,振德医疗,2025-10-13 11:13:34,58.89,10800,58.89,D
sh603301,振德医疗,2025-10-13 11:13:40,58.71,4600,58.87,D
sh603301,振德医疗,2025-10-13 11:13:43,58.71,4600,58.71,E
sh603301,振德医疗,2025-10-13 11:13:49,58.67,6800,58.71,D
sh603301,振德医疗,2025-10-13 11:13:52,58.66,3800,58.67,D
sh603301,振德医疗,2025-10-13 11:13:55,58.69,4100,58.66,U
sh603301,振德医疗,2025-10-13 11:14:19,58.58,8300,58.63,D
sh603301,振德医疗,2025-10-13 11:14:25,58.5,4000,58.51,D
sh603301,振德医疗,2025-10-13 11:14:31,58.51,5000,58.5,U
sh603301,振德医疗,2025-10-13 11:15:07,58.45,4800,58.46,D
sh603301,振德医疗,2025-10-13 11:15:10,58.4,8200,58.45,D
sh603301,振德医疗,2025-10-13 11:15:13,58.4,10200,58.4,D
sh603301,振德医疗,2025-10-13 11:15:16,58.36,3700,58.4,D
sh603301,振德医疗,2025-10-13 11:15:25,58.28,5400,58.3,D
sh603301,振德医疗,2025-10-13 11:15:34,58.2,4700,58.19,U
sh603301,振德医疗,2025-10-13 11:15:37,58.2,7400,58.2,D
sh603301,振德医疗,2025-10-13 11:15:40,58.2,15800,58.2,D
sh603301,振德医疗,2025-10-13 11:15:43,58.32,5500,58.2,U
sh603301,振德医疗,2025-10-13 11:15:55,58.48,5000,58.38,U
sh603301,振德医疗,2025-10-13 11:16:04,58.66,3500,58.51,U
sh603301,振德医疗,2025-10-13 11:16:34,58.99,5700,58.83,U
sh603301,振德医疗,2025-10-13 11:16:43,59.0,6500,58.99,U
sh603301,振德医疗,2025-10-13 11:16:58,59.04,3900,59.0,E
sh603301,振德医疗,2025-10-13 11:17:01,59.09,3400,59.04,U
sh603301,振德医疗,2025-10-13 11:17:04,59.09,4000,59.09,D
sh603301,振德医疗,2025-10-13 11:17:10,59.09,5400,59.11,D
sh603301,振德医疗,2025-10-13 11:17:25,59.08,22100,59.08,U
sh603301,振德医疗,2025-10-13 11:17:28,59.18,5900,59.08,E
sh603301,振德医疗,2025-10-13 11:17:40,58.99,4000,59.08,D
sh603301,振德医疗,2025-10-13 11:17:43,58.88,4300,58.99,D
sh603301,振德医疗,2025-10-13 11:18:04,58.95,3600,58.95,U
sh603301,振德医疗,2025-10-13 11:19:25,58.8,3500,58.88,D
sh603301,振德医疗,2025-10-13 11:19:58,58.77,6300,58.73,E
sh603301,振德医疗,2025-10-13 11:20:10,58.76,5500,58.8,D
sh603301,振德医疗,2025-10-13 11:20:13,58.8,10800,58.76,U
sh603301,振德医疗,2025-10-13 11:20:19,58.8,24100,58.8,D
sh603301,振德医疗,2025-10-13 11:20:43,58.55,3800,58.53,E
sh603301,振德医疗,2025-10-13 11:20:52,58.55,4900,58.55,D
sh603301,振德医疗,2025-10-13 11:21:04,58.57,3800,58.57,D
sh603301,振德医疗,2025-10-13 11:22:13,58.69,10200,58.7,D
sh603301,振德医疗,2025-10-13 11:24:43,58.64,3500,58.63,U
sh603301,振德医疗,2025-10-13 11:24:49,58.72,5100,58.71,U
sh603301,振德医疗,2025-10-13 11:25:13,58.79,4600,58.79,U
sh603301,振德医疗,2025-10-13 11:25:46,58.99,31400,58.87,U
sh603301,振德医疗,2025-10-13 11:26:04,59.06,4600,59.06,D
sh603301,振德医疗,2025-10-13 11:26:28,59.17,5600,59.17,U
sh603301,振德医疗,2025-10-13 11:27:19,59.24,7500,59.07,U
sh603301,振德医疗,2025-10-13 11:27:25,59.27,4000,59.24,U
sh603301,振德医疗,2025-10-13 11:27:34,59.28,4800,59.25,U
sh603301,振德医疗,2025-10-13 11:28:07,59.42,12500,59.42,E
sh603301,振德医疗,2025-10-13 11:28:16,59.43,4500,59.44,D
sh603301,振德医疗,2025-10-13 11:28:19,59.42,4400,59.43,D
sh603301,振德医疗,2025-10-13 11:28:22,59.42,11600,59.42,D
sh603301,振德医疗,2025-10-13 11:28:25,59.48,14300,59.42,U
sh603301,振德医疗,2025-10-13 11:28:36,59.5,6400,59.5,U
sh603301,振德医疗,2025-10-13 11:28:40,59.46,4500,59.5,D
sh603301,振德医疗,2025-10-13 11:28:58,59.46,4800,59.47,D
sh603301,振德医疗,2025-10-13 13:00:04,59.1,6800,59.16,D
sh603301,振德医疗,2025-10-13 13:00:06,59.17,9400,59.1,U
sh603301,振德医疗,2025-10-13 13:00:10,59.0,6600,59.17,D
sh603301,振德医疗,2025-10-13 13:00:13,58.93,10900,59.0,D
sh603301,振德医疗,2025-10-13 13:00:28,58.54,5400,58.6,D
sh603301,振德医疗,2025-10-13 13:00:31,58.45,8500,58.54,D
sh603301,振德医疗,2025-10-13 13:00:34,58.48,5800,58.45,U
sh603301,振德医疗,2025-10-13 13:01:10,58.73,12300,58.53,U
sh603301,振德医疗,2025-10-13 13:01:19,59.12,3800,58.95,U
sh603301,振德医疗,2025-10-13 13:01:43,58.9,11500,58.79,U
sh603301,振德医疗,2025-10-13 13:02:13,58.78,5200,58.8,D
sh603301,振德医疗,2025-10-13 13:02:40,59.2,10200,59.13,U
sh603301,振德医疗,2025-10-13 13:02:49,59.15,5300,59.25,D
sh603301,振德医疗,2025-10-13 13:02:52,58.85,3900,59.15,D
sh603301,振德医疗,2025-10-13 13:02:55,59.16,40429,58.85,U
sh603301,振德医疗,2025-10-13 13:02:58,59.16,25400,59.16,D
sh603301,振德医疗,2025-10-13 13:03:01,59.16,5000,59.16,D
sh603301,振德医疗,2025-10-13 13:03:04,59.16,8100,59.16,D
sh603301,振德医疗,2025-10-13 13:03:07,59.17,6000,59.16,U
sh603301,振德医疗,2025-10-13 13:03:10,59.0,25971,59.17,D
sh603301,振德医疗,2025-10-13 13:04:01,59.0,5000,59.04,D
sh603301,振德医疗,2025-10-13 13:04:04,59.0,7700,59.0,U
sh603301,振德医疗,2025-10-13 13:04:07,58.92,4700,59.0,D
sh603301,振德医疗,2025-10-13 13:05:04,58.8,6071,59.04,D
sh603301,振德医疗,2025-10-13 13:05:16,58.8,5500,58.76,E
sh603301,振德医疗,2025-10-13 13:05:40,59.0,4500,58.66,U
sh603301,振德医疗,2025-10-13 13:06:01,58.8,6000,58.83,D
sh603301,振德医疗,2025-10-13 13:06:43,59.0,7300,58.83,U
sh603301,振德医疗,2025-10-13 13:06:46,59.0,5300,59.0,U
sh603301,振德医疗,2025-10-13 13:06:49,59.0,6300,59.0,U
sh603301,振德医疗,2025-10-13 13:07:43,59.1,4700,59.1,U
sh603301,振德医疗,2025-10-13 13:08:52,59.28,4200,59.28,U
sh603301,振德医疗,2025-10-13 13:09:22,59.46,7200,59.45,D
sh603301,振德医疗,2025-10-13 13:09:25,59.49,7500,59.46,U
sh603301,振德医疗,2025-10-13 13:09:40,59.5,26078,59.46,U
sh603301,振德医疗,2025-10-13 13:09:46,59.54,9222,59.54,U
sh603301,振德医疗,2025-10-13 13:09:52,59.56,16178,59.54,U
sh603301,振德医疗,2025-10-13 13:09:55,59.59,8900,59.56,U
sh603301,振德医疗,2025-10-13 13:10:04,59.59,10500,59.59,D
sh603301,振德医疗,2025-10-13 13:10:07,59.66,4200,59.59,E
sh603301,振德医疗,2025-10-13 13:10:16,59.66,6500,59.66,D
sh603301,振德医疗,2025-10-13 13:10:19,59.66,4600,59.66,U
sh603301,振德医疗,2025-10-13 13:10:43,59.53,3900,59.51,U
sh603301,振德医疗,2025-10-13 13:10:46,59.49,8200,59.53,D
sh603301,振德医疗,2025-10-13 13:12:04,59.8,4100,59.74,U
sh603301,振德医疗,2025-10-13 13:12:25,59.96,4300,59.95,U
sh603301,振德医疗,2025-10-13 13:12:31,59.99,3800,59.98,U
sh603301,振德医疗,2025-10-13 13:12:34,60.0,4500,59.99,U
sh603301,振德医疗,2025-10-13 13:12:37,60.0,17100,60.0,U
sh603301,振德医疗,2025-10-13 13:12:43,60.1,4400,60.1,E
sh603301,振德医疗,2025-10-13 13:12:46,60.2,11800,60.1,E
sh603301,振德医疗,2025-10-13 13:12:49,60.1,4000,60.2,D
sh603301,振德医疗,2025-10-13 13:12:52,60.02,13300,60.1,D
sh603301,振德医疗,2025-10-13 13:12:55,60.18,4400,60.02,U
sh603301,振德医疗,2025-10-13 13:13:01,60.72,7400,60.22,U
sh603301,振德医疗,2025-10-13 13:13:04,60.25,3700,60.72,D
sh603301,振德医疗,2025-10-13 13:13:10,60.22,14400,60.26,D
sh603301,振德医疗,2025-10-13 13:13:13,60.2,6600,60.22,D
sh603301,振德医疗,2025-10-13 13:13:16,60.2,27000,60.2,U
sh603301,振德医疗,2025-10-13 13:13:19,60.13,5600,60.2,D
sh603301,振德医疗,2025-10-13 13:13:22,60.08,4400,60.13,D
sh603301,振德医疗,2025-10-13 13:13:25,59.81,15000,60.08,D
sh603301,振德医疗,2025-10-13 13:13:49,60.02,5800,59.99,U
sh603301,振德医疗,2025-10-13 13:13:55,60.26,9800,60.02,U
sh603301,振德医疗,2025-10-13 13:14:01,60.36,6600,60.3,U
sh603301,振德医疗,2025-10-13 13:14:22,60.68,4500,60.66,U
sh603301,振德医疗,2025-10-13 13:14:25,60.7,11300,60.68,E
sh603301,振德医疗,2025-10-13 13:14:34,60.67,9100,60.67,D
sh603301,振德医疗,2025-10-13 13:14:43,60.7,6500,60.77,D
sh603301,振德医疗,2025-10-13 13:14:49,60.7,4600,60.74,D
sh603301,振德医疗,2025-10-13 13:14:52,60.7,10800,60.7,D
sh603301,振德医疗,2025-10-13 13:14:55,60.67,11500,60.7,D
sh603301,振德医疗,2025-10-13 13:14:58,60.7,8500,60.67,U
sh603301,振德医疗,2025-10-13 13:15:01,60.5,3800,60.7,D
sh603301,振德医疗,2025-10-13 13:15:03,60.5,4600,60.5,D
sh603301,振德医疗,2025-10-13 13:15:16,60.5,4600,60.45,E
sh603301,振德医疗,2025-10-13 13:15:22,60.56,9000,60.64,E
sh603301,振德医疗,2025-10-13 13:15:28,60.5,4600,60.51,D
sh603301,振德医疗,2025-10-13 13:16:04,60.45,15500,60.57,D
sh603301,振德医疗,2025-10-13 13:16:07,60.45,5300,60.45,D
sh603301,振德医疗,2025-10-13 13:16:10,60.45,3800,60.45,D
sh603301,振德医疗,2025-10-13 13:16:13,60.45,6000,60.45,D
sh603301,振德医疗,2025-10-13 13:16:31,60.45,8300,60.45,D
sh603301,振德医疗,2025-10-13 13:16:34,60.4,4100,60.45,D
sh603301,振德医疗,2025-10-13 13:17:04,60.45,6200,60.45,D
sh603301,振德医疗,2025-10-13 13:17:19,60.49,4200,60.49,D
sh603301,振德医疗,2025-10-13 13:17:34,60.49,6000,60.5,D
sh603301,振德医疗,2025-10-13 13:17:37,60.45,9300,60.49,D
sh603301,振德医疗,2025-10-13 13:17:40,60.44,22000,60.45,D
sh603301,振德医疗,2025-10-13 13:17:43,60.2,10900,60.44,D
sh603301,振德医疗,2025-10-13 13:17:46,60.17,5300,60.2,D
sh603301,振德医疗,2025-10-13 13:17:49,60.36,15100,60.17,U
sh603301,振德医疗,2025-10-13 13:17:52,60.36,5900,60.36,D
sh603301,振德医疗,2025-10-13 13:18:07,60.09,3900,60.15,E
sh603301,振德医疗,2025-10-13 13:18:10,60.36,4800,60.09,U
sh603301,振德医疗,2025-10-13 13:18:19,59.99,31000,60.13,D
sh603301,振德医疗,2025-10-13 13:18:22,59.8,8600,59.99,D
sh603301,振德医疗,2025-10-13 13:18:34,59.86,5500,59.86,U
sh603301,振德医疗,2025-10-13 13:19:04,59.98,4500,60.06,D
sh603301,振德医疗,2025-10-13 13:19:13,60.01,6000,60.05,D
sh603301,振德医疗,2025-10-13 13:19:19,60.06,8200,60.09,D
sh603301,振德医疗,2025-10-13 13:19:25,59.98,18100,60.05,D
sh603301,振德医疗,2025-10-13 13:19:28,59.89,13100,59.98,D
sh603301,振德医疗,2025-10-13 13:19:31,59.86,4200,59.89,U
sh603301,振德医疗,2025-10-13 13:19:34,59.83,5600,59.86,D
sh603301,振德医疗,2025-10-13 13:19:37,59.86,4400,59.83,U
sh603301,振德医疗,2025-10-13 13:19:52,59.87,4200,59.86,U
sh603301,振德医疗,2025-10-13 13:20:07,59.88,4200,59.85,U
sh603301,振德医疗,2025-10-13 13:20:34,59.9,6200,59.88,U
sh603301,振德医疗,2025-10-13 13:21:22,59.95,12000,59.95,E
sh603301,振德医疗,2025-10-13 13:21:43,59.89,6300,59.89,D
sh603301,振德医疗,2025-10-13 13:21:55,59.89,3700,59.87,U
sh603301,振德医疗,2025-10-13 13:22:43,59.98,4400,59.97,U
sh603301,振德医疗,2025-10-13 13:22:58,60.19,4300,60.05,U
sh603301,振德医疗,2025-10-13 13:23:19,60.03,20600,60.14,D
sh603301,振德医疗,2025-10-13 13:23:22,60.07,11600,60.03,U
sh603301,振德医疗,2025-10-13 13:23:25,60.07,4400,60.07,D
sh603301,振德医疗,2025-10-13 13:23:40,59.91,3500,59.91,D
sh603301,振德医疗,2025-10-13 13:23:49,59.9,4500,59.91,D
sh603301,振德医疗,2025-10-13 13:23:52,59.9,8500,59.9,D
sh603301,振德医疗,2025-10-13 13:23:55,59.84,17800,59.9,D
sh603301,振德医疗,2025-10-13 13:23:58,59.84,9300,59.84,D
sh603301,振德医疗,2025-10-13 13:24:01,59.76,6400,59.84,D
sh603301,振德医疗,2025-10-13 13:24:04,59.58,4400,59.76,D
sh603301,振德医疗,2025-10-13 13:24:07,59.58,5700,59.58,D
sh603301,振德医疗,2025-10-13 13:24:34,59.62,5600,59.62,D
sh603301,振德医疗,2025-10-13 13:24:40,59.63,3800,59.62,U
sh603301,振德医疗,2025-10-13 13:25:01,59.74,4700,59.74,D
sh603301,振德医疗,2025-10-13 13:25:07,59.74,3500,59.68,U
sh603301,振德医疗,2025-10-13 13:25:25,59.6,7600,59.64,D
sh603301,振德医疗,2025-10-13 13:25:37,59.54,8600,59.56,D
sh603301,振德医疗,2025-10-13 13:25:43,59.5,12400,59.51,E
sh603301,振德医疗,2025-10-13 13:25:55,59.48,3400,59.45,U
sh603301,振德医疗,2025-10-13 13:26:22,59.57,3900,59.57,D
sh603301,振德医疗,2025-10-13 13:26:25,59.51,3600,59.57,E
sh603301,振德医疗,2025-10-13 13:26:37,59.56,4000,59.55,E
sh603301,振德医疗,2025-10-13 13:27:12,59.55,6700,59.57,D
sh603301,振德医疗,2025-10-13 13:27:16,59.54,6100,59.55,D
sh603301,振德医疗,2025-10-13 13:27:25,59.5,5000,59.51,D
sh603301,振德医疗,2025-10-13 13:27:31,59.5,4400,59.5,U
sh603301,振德医疗,2025-10-13 13:28:01,59.57,10100,59.57,U
sh603301,振德医疗,2025-10-13 13:28:28,59.6,13500,59.56,U
sh603301,振德医疗,2025-10-13 13:28:46,59.65,5200,59.69,E
sh603301,振德医疗,2025-10-13 13:28:52,59.62,5100,59.65,D
sh603301,振德医疗,2025-10-13 13:29:25,59.7,4400,59.7,E
sh603301,振德医疗,2025-10-13 13:29:37,59.7,3900,59.66,U
sh603301,振德医疗,2025-10-13 13:30:22,59.86,7400,59.84,U
sh603301,振德医疗,2025-10-13 13:30:40,59.86,5000,59.86,D
sh603301,振德医疗,2025-10-13 13:30:43,59.86,5000,59.86,D
sh603301,振德医疗,2025-10-13 13:31:22,59.8,10200,59.78,U
sh603301,振德医疗,2025-10-13 13:31:37,59.68,6300,59.68,U
sh603301,振德医疗,2025-10-13 13:32:16,59.71,5600,59.68,U
sh603301,振德医疗,2025-10-13 13:32:37,59.71,8400,59.68,U
sh603301,振德医疗,2025-10-13 13:33:25,59.65,7500,59.67,D
sh603301,振德医疗,2025-10-13 13:33:28,59.62,6100,59.65,D
sh603301,振德医疗,2025-10-13 13:33:37,59.6,10000,59.61,D
sh603301,振德医疗,2025-10-13 13:33:52,59.63,7100,59.7,D
sh603301,振德医疗,2025-10-13 13:34:22,59.77,6000,59.79,D
sh603301,振德医疗,2025-10-13 13:34:49,59.85,5500,59.83,U
sh603301,振德医疗,2025-10-13 13:36:13,59.9,6000,59.94,D
sh603301,振德医疗,2025-10-13 13:36:49,59.93,5000,59.9,U
sh603301,振德医疗,2025-10-13 13:36:55,59.93,5600,59.91,U
sh603301,振德医疗,2025-10-13 13:37:22,59.99,4200,59.99,U
sh603301,振德医疗,2025-10-13 13:37:25,60.06,8414,59.99,U
sh603301,振德医疗,2025-10-13 13:37:58,60.1,4800,60.12,D
sh603301,振德医疗,2025-10-13 13:38:01,60.07,10100,60.1,D
sh603301,振德医疗,2025-10-13 13:38:58,60.4,8665,60.42,D
sh603301,振德医疗,2025-10-13 13:39:13,60.41,4600,60.44,D
sh603301,振德医疗,2025-10-13 13:39:22,60.39,6800,60.4,D
sh603301,振德医疗,2025-10-13 13:39:25,60.4,7200,60.39,U
sh603301,振德医疗,2025-10-13 13:39:40,60.4,4500,60.39,U
sh603301,振德医疗,2025-10-13 13:40:01,60.41,11000,60.41,U
sh603301,振德医疗,2025-10-13 13:40:34,60.43,13100,60.41,U
sh603301,振德医疗,2025-10-13 13:40:37,60.44,13700,60.43,U
sh603301,振德医疗,2025-10-13 13:40:43,60.5,4900,60.49,U
sh603301,振德医疗,2025-10-13 13:41:22,60.66,10300,60.66,D
sh603301,振德医疗,2025-10-13 13:41:31,60.66,3300,60.66,U
sh603301,振德医疗,2025-10-13 13:41:43,60.61,4300,60.65,D
sh603301,振德医疗,2025-10-13 13:42:04,60.43,4200,60.46,D
sh603301,振德医疗,2025-10-13 13:42:19,60.37,9100,60.44,D
sh603301,振德医疗,2025-10-13 13:42:37,60.3,5500,60.3,D
sh603301,振德医疗,2025-10-13 13:42:40,60.3,5400,60.3,D
sh603301,振德医疗,2025-10-13 13:42:55,60.28,7400,60.28,D
sh603301,振德医疗,2025-10-13 13:43:52,60.37,15000,60.3,U
sh603301,振德医疗,2025-10-13 13:44:10,60.49,8500,60.43,U
sh603301,振德医疗,2025-10-13 13:44:16,60.53,7400,60.45,U
sh603301,振德医疗,2025-10-13 13:44:37,60.45,5900,60.45,U
sh603301,振德医疗,2025-10-13 13:44:46,60.43,6200,60.43,U
sh603301,振德医疗,2025-10-13 13:44:49,60.53,22500,60.43,U
sh603301,振德医疗,2025-10-13 13:45:04,60.15,5600,60.49,D
sh603301,振德医疗,2025-10-13 13:45:34,60.31,10200,60.39,D
sh603301,振德医疗,2025-10-13 13:46:31,60.5,7400,60.39,U
sh603301,振德医疗,2025-10-13 13:46:46,60.39,5800,60.54,D
sh603301,振德医疗,2025-10-13 13:47:04,60.53,8900,60.54,U
sh603301,振德医疗,2025-10-13 13:47:16,60.44,7700,60.45,D
sh603301,振德医疗,2025-10-13 13:47:52,60.43,6500,60.39,U
sh603301,振德医疗,2025-10-13 13:48:37,60.4,11200,60.4,D
sh603301,振德医疗,2025-10-13 13:48:46,60.4,3400,60.41,D
sh603301,振德医疗,2025-10-13 13:48:52,60.37,8400,60.38,D
sh603301,振德医疗,2025-10-13 13:49:10,60.41,10200,60.46,D
sh603301,振德医疗,2025-10-13 13:49:43,60.3,13400,60.45,D
sh603301,振德医疗,2025-10-13 13:50:01,60.28,3400,60.3,D
sh603301,振德医疗,2025-10-13 13:51:04,60.06,4200,60.13,D
sh603301,振德医疗,2025-10-13 13:51:28,60.1,3700,60.02,U
sh603301,振德医疗,2025-10-13 13:55:22,60.01,4400,60.03,D
sh603301,振德医疗,2025-10-13 13:55:25,60.04,3700,60.01,U
sh603301,振德医疗,2025-10-13 13:56:25,60.15,5000,60.17,U
sh603301,振德医疗,2025-10-13 13:56:34,60.15,7200,60.14,U
sh603301,振德医疗,2025-10-13 13:56:37,60.15,8600,60.15,D
sh603301,振德医疗,2025-10-13 13:59:16,60.0,4900,60.01,D
sh603301,振德医疗,2025-10-13 14:05:28,60.4,10400,60.4,D
sh603301,振德医疗,2025-10-13 14:06:10,60.47,5400,60.47,U
sh603301,振德医疗,2025-10-13 14:06:16,60.46,8900,60.47,D
sh603301,振德医疗,2025-10-13 14:06:34,60.46,4400,60.47,D
sh603301,振德医疗,2025-10-13 14:07:16,60.45,25000,60.41,U
sh603301,振德医疗,2025-10-13 14:07:40,60.44,4600,60.44,U
sh603301,振德医疗,2025-10-13 14:09:16,60.45,6300,60.44,U
sh603301,振德医疗,2025-10-13 14:09:31,60.48,17100,60.46,U
sh603301,振德医疗,2025-10-13 14:10:07,60.48,11800,60.49,E
sh603301,振德医疗,2025-10-13 14:10:22,60.47,3900,60.49,D
sh603301,振德医疗,2025-10-13 14:10:25,60.47,7500,60.47,U
sh603301,振德医疗,2025-10-13 14:13:10,60.46,31000,60.46,D
sh603301,振德医疗,2025-10-13 14:13:13,60.58,72920,60.46,U
sh603301,振德医疗,2025-10-13 14:13:19,60.6,4900,60.6,U
sh603301,振德医疗,2025-10-13 14:13:22,60.6,4200,60.6,U
sh603301,振德医疗,2025-10-13 14:13:25,60.65,11800,60.6,U
sh603301,振德医疗,2025-10-13 14:13:28,60.69,3300,60.65,U
sh603301,振德医疗,2025-10-13 14:13:33,60.96,6900,60.7,U
sh603301,振德医疗,2025-10-13 14:13:43,60.99,7000,60.98,U
sh603301,振德医疗,2025-10-13 14:13:46,60.99,3300,60.99,U
sh603301,振德医疗,2025-10-13 14:13:52,61.0,11400,61.0,U
sh603301,振德医疗,2025-10-13 14:13:55,61.0,5700,61.0,U
sh603301,振德医疗,2025-10-13 14:13:58,61.0,5100,61.0,U
sh603301,振德医疗,2025-10-13 14:14:04,61.0,8500,61.0,U
sh603301,振德医疗,2025-10-13 14:14:37,61.28,3600,61.26,U
sh603301,振德医疗,2025-10-13 14:14:43,61.49,3800,61.45,U
sh603301,振德医疗,2025-10-13 14:14:58,61.7,7200,61.59,U
sh603301,振德医疗,2025-10-13 14:15:01,61.8,4900,61.7,U
sh603301,振德医疗,2025-10-13 14:15:04,61.8,12000,61.8,U
sh603301,振德医疗,2025-10-13 14:15:07,61.8,6300,61.8,U
sh603301,振德医疗,2025-10-13 14:15:10,61.8,4100,61.8,U
sh603301,振德医疗,2025-10-13 14:15:13,61.33,26800,61.8,D
sh603301,振德医疗,2025-10-13 14:15:19,61.33,10800,61.74,D
sh603301,振德医疗,2025-10-13 14:15:22,61.0,5700,61.33,D
sh603301,振德医疗,2025-10-13 14:15:34,60.83,5500,60.98,E
sh603301,振德医疗,2025-10-13 14:15:43,60.8,5000,60.8,U
sh603301,振德医疗,2025-10-13 14:15:46,60.8,5300,60.8,U
sh603301,振德医疗,2025-10-13 14:15:52,60.72,6800,60.72,U
sh603301,振德医疗,2025-10-13 14:16:01,60.69,6000,60.7,D
sh603301,振德医疗,2025-10-13 14:16:04,60.69,7100,60.69,U
sh603301,振德医疗,2025-10-13 14:16:46,60.64,9800,60.64,U
sh603301,振德医疗,2025-10-13 14:17:22,60.69,26800,60.62,U
sh603301,振德医疗,2025-10-13 14:17:31,60.71,4600,60.69,U
sh603301,振德医疗,2025-10-13 14:17:43,60.63,15900,60.69,D
sh603301,振德医疗,2025-10-13 14:17:46,60.55,6000,60.63,D
sh603301,振德医疗,2025-10-13 14:17:55,60.71,10300,60.54,U
sh603301,振德医疗,2025-10-13 14:18:07,60.56,6400,60.53,U
sh603301,振德医疗,2025-10-13 14:18:40,60.54,5400,60.54,U
sh603301,振德医疗,2025-10-13 14:19:10,60.55,8600,60.54,U
sh603301,振德医疗,2025-10-13 14:19:43,60.55,4100,60.55,U
sh603301,振德医疗,2025-10-13 14:20:13,60.54,6700,60.53,U
sh603301,振德医疗,2025-10-13 14:20:19,60.45,28100,60.53,D
sh603301,振德医疗,2025-10-13 14:20:22,60.38,12500,60.45,D
sh603301,振德医疗,2025-10-13 14:20:52,60.16,3400,60.17,D
sh603301,振德医疗,2025-10-13 14:22:52,60.09,4000,60.09,U
sh603301,振德医疗,2025-10-13 14:23:52,60.12,4700,60.13,D
sh603301,振德医疗,2025-10-13 14:24:16,60.12,27200,60.14,D
sh603301,振德医疗,2025-10-13 14:24:19,60.1,16100,60.12,D
sh603301,振德医疗,2025-10-13 14:24:22,60.09,4700,60.1,D
sh603301,振德医疗,2025-10-13 14:24:25,60.09,8400,60.09,D
sh603301,振德医疗,2025-10-13 14:24:28,60.1,8100,60.09,U
sh603301,振德医疗,2025-10-13 14:25:40,59.9,25100,60.05,D
sh603301,振德医疗,2025-10-13 14:25:43,59.8,5600,59.9,D
sh603301,振德医疗,2025-10-13 14:25:55,59.8,8500,59.8,D
sh603301,振德医疗,2025-10-13 14:25:58,59.8,3600,59.8,E
sh603301,振德医疗,2025-10-13 14:26:13,59.8,4100,59.8,D
sh603301,振德医疗,2025-10-13 14:27:34,60.0,3900,60.06,D
sh603301,振德医疗,2025-10-13 14:27:37,60.0,5100,60.0,U
sh603301,振德医疗,2025-10-13 14:27:40,60.0,4100,60.0,U
sh603301,振德医疗,2025-10-13 14:27:43,60.0,5000,60.0,U
sh603301,振德医疗,2025-10-13 14:27:49,59.99,6300,60.0,D
sh603301,振德医疗,2025-10-13 14:30:58,60.16,3700,60.2,D
sh603301,振德医疗,2025-10-13 14:31:07,60.19,6600,60.2,D
sh603301,振德医疗,2025-10-13 14:32:16,60.35,3400,60.4,D
sh603301,振德医疗,2025-10-13 14:32:43,60.17,6800,60.17,D
sh603301,振德医疗,2025-10-13 14:32:46,60.18,13100,60.17,U
sh603301,振德医疗,2025-10-13 14:32:49,60.18,9600,60.18,U
sh603301,振德医疗,2025-10-13 14:32:58,60.18,5700,60.18,D
sh603301,振德医疗,2025-10-13 14:33:10,60.18,3700,60.19,D
sh603301,振德医疗,2025-10-13 14:34:04,60.2,8300,60.19,U
sh603301,振德医疗,2025-10-13 14:35:10,60.2,4600,60.18,U
sh603301,振德医疗,2025-10-13 14:35:43,60.25,5000,60.29,D
sh603301,振德医疗,2025-10-13 14:36:25,60.24,4600,60.26,D
sh603301,振德医疗,2025-10-13 14:37:10,60.34,6400,60.47,D
sh603301,振德医疗,2025-10-13 14:37:52,60.41,4200,60.42,D
sh603301,振德医疗,2025-10-13 14:38:01,60.42,3700,60.41,U
sh603301,振德医疗,2025-10-13 14:38:07,60.38,5200,60.38,D
sh603301,振德医疗,2025-10-13 14:38:10,60.3,4200,60.38,D
sh603301,振德医疗,2025-10-13 14:38:43,60.22,24900,60.22,D
sh603301,振德医疗,2025-10-13 14:39:40,60.38,14400,60.38,U
sh603301,振德医疗,2025-10-13 14:40:43,60.31,5500,60.37,D
sh603301,振德医疗,2025-10-13 14:41:28,60.36,20200,60.32,U
sh603301,振德医疗,2025-10-13 14:41:58,60.32,4400,60.26,U
sh603301,振德医疗,2025-10-13 14:42:52,60.2,8200,60.26,D
sh603301,振德医疗,2025-10-13 14:42:55,60.2,4200,60.2,U
sh603301,振德医疗,2025-10-13 14:43:01,60.2,4800,60.14,U
sh603301,振德医疗,2025-10-13 14:43:10,60.11,5700,60.13,D
sh603301,振德医疗,2025-10-13 14:43:16,60.11,6100,60.11,D
sh603301,振德医疗,2025-10-13 14:44:10,60.06,3500,60.07,D
sh603301,振德医疗,2025-10-13 14:44:13,60.06,3700,60.06,D
sh603301,振德医疗,2025-10-13 14:44:34,60.07,3400,60.07,U
sh603301,振德医疗,2025-10-13 14:44:46,60.02,9500,60.06,D
sh603301,振德医疗,2025-10-13 14:45:04,60.16,4200,60.06,U
sh603301,振德医疗,2025-10-13 14:45:25,60.2,5900,60.19,U
sh603301,振德医疗,2025-10-13 14:45:31,60.2,6300,60.2,U
sh603301,振德医疗,2025-10-13 14:45:34,60.19,4600,60.2,D
sh603301,振德医疗,2025-10-13 14:46:07,60.3,5800,60.3,D
sh603301,振德医疗,2025-10-13 14:46:13,60.32,12400,60.3,U
sh603301,振德医疗,2025-10-13 14:46:28,60.4,10100,60.4,D
sh603301,振德医疗,2025-10-13 14:46:34,60.4,3900,60.4,U
sh603301,振德医疗,2025-10-13 14:46:40,60.41,6500,60.41,U
sh603301,振德医疗,2025-10-13 14:46:43,60.41,17200,60.41,U
sh603301,振德医疗,2025-10-13 14:46:46,60.41,5000,60.41,D
sh603301,振德医疗,2025-10-13 14:46:55,60.4,3600,60.41,D
sh603301,振德医疗,2025-10-13 14:47:01,60.4,4600,60.41,D
sh603301,振德医疗,2025-10-13 14:47:04,60.4,4500,60.4,U
sh603301,振德医疗,2025-10-13 14:47:10,60.42,12400,60.33,U
sh603301,振德医疗,2025-10-13 14:47:31,60.43,20600,60.43,U
sh603301,振德医疗,2025-10-13 14:47:52,60.43,20700,60.42,U
sh603301,振德医疗,2025-10-13 14:47:55,60.43,3800,60.43,U
sh603301,振德医疗,2025-10-13 14:47:58,60.43,4700,60.43,D
sh603301,振德医疗,2025-10-13 14:48:07,60.44,7600,60.44,U
sh603301,振德医疗,2025-10-13 14:48:22,60.46,20700,60.46,U
sh603301,振德医疗,2025-10-13 14:48:25,60.5,9100,60.46,U
sh603301,振德医疗,2025-10-13 14:48:28,60.5,9100,60.5,U
sh603301,振德医疗,2025-10-13 14:48:34,60.46,31200,60.5,D
sh603301,振德医疗,2025-10-13 14:48:43,60.48,4000,60.58,D
sh603301,振德医疗,2025-10-13 14:48:46,60.48,4400,60.48,U
sh603301,振德医疗,2025-10-13 14:48:49,60.48,32100,60.48,U
sh603301,振德医疗,2025-10-13 14:48:55,60.47,5000,60.48,D
sh603301,振德医疗,2025-10-13 14:48:58,60.47,106000,60.47,U
sh603301,振德医疗,2025-10-13 14:49:01,60.46,4000,60.47,E
sh603301,振德医疗,2025-10-13 14:49:07,60.46,3400,60.46,U
sh603301,振德医疗,2025-10-13 14:49:10,60.42,39900,60.46,D
sh603301,振德医疗,2025-10-13 14:49:13,60.41,24700,60.42,D
sh603301,振德医疗,2025-10-13 14:49:16,60.41,3400,60.41,D
sh603301,振德医疗,2025-10-13 14:49:19,60.36,4200,60.41,D
sh603301,振德医疗,2025-10-13 14:49:28,60.33,4300,60.28,U
sh603301,振德医疗,2025-10-13 14:49:31,60.33,7500,60.33,D
sh603301,振德医疗,2025-10-13 14:49:40,60.38,10100,60.33,U
sh603301,振德医疗,2025-10-13 14:49:52,60.32,12900,60.35,D
sh603301,振德医疗,2025-10-13 14:49:55,60.33,9400,60.32,U
sh603301,振德医疗,2025-10-13 14:50:34,60.21,4200,60.24,D
sh603301,振德医疗,2025-10-13 14:50:37,60.2,4600,60.21,D
sh603301,振德医疗,2025-10-13 14:50:40,60.14,7600,60.2,D
sh603301,振德医疗,2025-10-13 14:50:43,60.02,6200,60.14,D
sh603301,振德医疗,2025-10-13 14:50:55,60.01,3500,60.12,D
sh603301,振德医疗,2025-10-13 14:51:01,60.12,6700,60.12,U
sh603301,振德医疗,2025-10-13 14:51:07,60.0,19200,60.11,D
sh603301,振德医疗,2025-10-13 14:51:13,59.99,13100,60.12,D
sh603301,振德医疗,2025-10-13 14:51:40,59.97,4700,59.95,U
sh603301,振德医疗,2025-10-13 14:51:43,59.98,3900,59.97,U
sh603301,振德医疗,2025-10-13 14:52:19,60.1,6000,60.02,U
sh603301,振德医疗,2025-10-13 14:52:37,60.1,3800,60.1,D
sh603301,振德医疗,2025-10-13 14:52:46,60.1,9800,60.1,U
sh603301,振德医疗,2025-10-13 14:53:01,60.11,4100,60.1,U
sh603301,振德医疗,2025-10-13 14:53:25,60.19,5300,60.2,D
sh603301,振德医疗,2025-10-13 14:53:40,60.29,4400,60.21,U
sh603301,振德医疗,2025-10-13 14:53:46,60.29,7300,60.29,U
sh603301,振德医疗,2025-10-13 14:54:10,60.29,5700,60.29,D
sh603301,振德医疗,2025-10-13 14:54:13,60.3,3800,60.29,U
sh603301,振德医疗,2025-10-13 14:54:16,60.3,3400,60.3,U
sh603301,振德医疗,2025-10-13 14:54:19,60.3,7800,60.3,U
sh603301,振德医疗,2025-10-13 14:54:25,60.3,14200,60.3,D
sh603301,振德医疗,2025-10-13 14:54:28,60.3,11100,60.3,D
sh603301,振德医疗,2025-10-13 14:54:31,60.3,6100,60.3,D
sh603301,振德医疗,2025-10-13 14:54:34,60.3,14300,60.3,U
sh603301,振德医疗,2025-10-13 14:54:40,60.29,4100,60.3,D
sh603301,振德医疗,2025-10-13 14:54:43,60.3,9200,60.29,U
sh603301,振德医疗,2025-10-13 14:54:46,60.27,5100,60.3,D
sh603301,振德医疗,2025-10-13 14:54:49,60.3,10700,60.27,U
sh603301,振德医疗,2025-10-13 14:54:58,60.3,8800,60.3,U
sh603301,振德医疗,2025-10-13 14:55:07,60.3,3400,60.3,U
sh603301,振德医疗,2025-10-13 14:55:19,60.2,17800,60.29,D
sh603301,振德医疗,2025-10-13 14:55:31,60.1,3900,60.15,D
sh603301,振德医疗,2025-10-13 14:55:49,60.06,4600,60.06,U
sh603301,振德医疗,2025-10-13 14:55:52,60.06,8100,60.06,U
sh603301,振德医疗,2025-10-13 14:56:10,60.08,3900,60.07,U
sh603301,振德医疗,2025-10-13 14:56:13,60.08,8300,60.08,D
sh603301,振德医疗,2025-10-13 14:56:16,60.1,5400,60.08,U
sh603301,振德医疗,2025-10-13 14:56:31,60.12,6200,60.12,D
sh603301,振德医疗,2025-10-13 14:56:34,60.2,5000,60.12,U
sh603301,振德医疗,2025-10-13 14:56:43,60.2,3400,60.2,D
sh603301,振德医疗,2025-10-13 14:56:49,60.28,4800,60.28,U
sh603301,振德医疗,2025-10-13 14:56:52,60.3,16900,60.28,U
sh603301,振德医疗,2025-10-13 14:56:55,60.21,7800,60.3,D
sh603301,振德医疗,2025-10-13 14:56:58,60.2,3700,60.21,D
sh603301,振德医疗,2025-10-13 15:00:03,60.44,199900,60.2,U
