symbol,name,ticktime,price,volume,prev_price,kind
sh603301,振德医疗,2025-10-09 09:25:01,47.0,323000,0.0,U
sh603301,振德医疗,2025-10-09 09:30:03,48.0,43800,47.0,U
sh603301,振德医疗,2025-10-09 09:30:06,47.8,9700,48.0,E
sh603301,振德医疗,2025-10-09 09:30:09,47.1,53200,47.8,D
sh603301,振德医疗,2025-10-09 09:30:12,47.11,15200,47.1,E
sh603301,振德医疗,2025-10-09 09:30:15,47.07,15100,47.11,D
sh603301,振德医疗,2025-10-09 09:30:18,47.61,20200,47.07,U
sh603301,振德医疗,2025-10-09 09:30:21,47.2,10800,47.61,E
sh603301,振德医疗,2025-10-09 09:30:24,47.19,6400,47.2,D
sh603301,振德医疗,2025-10-09 09:30:27,47.98,8700,47.19,U
sh603301,振德医疗,2025-10-09 09:30:30,47.55,6700,47.98,D
sh603301,振德医疗,2025-10-09 09:30:33,47.9,28100,47.55,U
sh603301,振德医疗,2025-10-09 09:30:36,47.91,9900,47.9,U
sh603301,振德医疗,2025-10-09 09:30:39,47.99,13900,47.91,U
sh603301,振德医疗,2025-10-09 09:30:42,47.99,13040,47.99,U
sh603301,振德医疗,2025-10-09 09:30:45,48.09,10100,47.99,U
sh603301,振德医疗,2025-10-09 09:30:48,48.6,13900,48.09,U
sh603301,振德医疗,2025-10-09 09:30:51,48.74,11200,48.6,U
sh603301,振德医疗,2025-10-09 09:30:54,48.77,14500,48.74,U
sh603301,振德医疗,2025-10-09 09:30:57,48.72,11000,48.77,D
sh603301,振德医疗,2025-10-09 09:31:00,48.78,37200,48.72,U
sh603301,振德医疗,2025-10-09 09:31:03,48.7,15400,48.78,D
sh603301,振德医疗,2025-10-09 09:31:06,48.28,15100,48.7,D
sh603301,振德医疗,2025-10-09 09:31:09,48.56,21700,48.28,U
sh603301,振德医疗,2025-10-09 09:31:12,48.12,13000,48.56,D
sh603301,振德医疗,2025-10-09 09:31:15,48.18,15200,48.12,U
sh603301,振德医疗,2025-10-09 09:31:18,48.2,66158,48.18,E
sh603301,振德医疗,2025-10-09 09:31:21,48.2,4200,48.2,D
sh603301,振德医疗,2025-10-09 09:31:24,48.2,32500,48.2,D
sh603301,振德医疗,2025-10-09 09:31:27,48.2,10800,48.2,U
sh603301,振德医疗,2025-10-09 09:31:30,48.16,10300,48.2,U
sh603301,振德医疗,2025-10-09 09:31:33,48.0,32900,48.16,D
sh603301,振德医疗,2025-10-09 09:31:36,48.01,17700,48.0,E
sh603301,振德医疗,2025-10-09 09:31:39,48.04,32200,48.01,U
sh603301,振德医疗,2025-10-09 09:31:42,48.01,15000,48.04,D
sh603301,振德医疗,2025-10-09 09:31:45,48.04,11200,48.01,U
sh603301,振德医疗,2025-10-09 09:31:48,48.04,44900,48.04,U
sh603301,振德医疗,2025-10-09 09:31:51,48.15,49100,48.04,U
sh603301,振德医疗,2025-10-09 09:31:54,48.04,14500,48.15,D
sh603301,振德医疗,2025-10-09 09:31:57,48.04,8300,48.04,D
sh603301,振德医疗,2025-10-09 09:32:00,48.02,14742,48.04,E
sh603301,振德医疗,2025-10-09 09:32:03,48.02,13800,48.02,D
sh603301,振德医疗,2025-10-09 09:32:06,48.02,24400,48.02,D
sh603301,振德医疗,2025-10-09 09:32:09,48.0,29258,48.02,D
sh603301,振德医疗,2025-10-09 09:32:12,48.02,44342,48.0,U
sh603301,振德医疗,2025-10-09 09:32:15,48.04,5658,48.02,E
sh603301,振德医疗,2025-10-09 09:32:18,48.1,18000,48.04,U
sh603301,振德医疗,2025-10-09 09:32:21,48.02,21442,48.1,D
sh603301,振德医疗,2025-10-09 09:32:24,48.0,8800,48.02,D
sh603301,振德医疗,2025-10-09 09:32:27,47.86,6400,48.0,D
sh603301,振德医疗,2025-10-09 09:32:30,47.76,21100,47.86,D
sh603301,振德医疗,2025-10-09 09:32:33,47.76,17000,47.76,U
sh603301,振德医疗,2025-10-09 09:32:36,47.55,8000,47.76,D
sh603301,振德医疗,2025-10-09 09:32:39,47.76,19300,47.55,U
sh603301,振德医疗,2025-10-09 09:32:45,47.65,6800,47.74,D
sh603301,振德医疗,2025-10-09 09:32:48,47.58,18000,47.65,E
sh603301,振德医疗,2025-10-09 09:32:51,47.55,18400,47.58,D
sh603301,振德医疗,2025-10-09 09:32:54,47.48,10000,47.55,D
sh603301,振德医疗,2025-10-09 09:32:57,47.49,13300,47.48,E
sh603301,振德医疗,2025-10-09 09:33:00,47.5,18800,47.49,U
sh603301,振德医疗,2025-10-09 09:33:03,47.52,8858,47.5,U
sh603301,振德医疗,2025-10-09 09:33:06,47.55,7300,47.52,U
sh603301,振德医疗,2025-10-09 09:33:09,47.56,8500,47.55,U
sh603301,振德医疗,2025-10-09 09:33:12,47.55,8500,47.56,D
sh603301,振德医疗,2025-10-09 09:33:15,47.56,9800,47.55,D
sh603301,振德医疗,2025-10-09 09:33:18,47.65,6100,47.56,E
sh603301,振德医疗,2025-10-09 09:33:21,47.67,43400,47.65,U
sh603301,振德医疗,2025-10-09 09:33:27,47.75,6100,47.74,U
sh603301,振德医疗,2025-10-09 09:33:30,47.75,12100,47.75,D
sh603301,振德医疗,2025-10-09 09:33:33,47.76,5200,47.75,U
sh603301,振德医疗,2025-10-09 09:33:39,47.8,5800,47.8,D
sh603301,振德医疗,2025-10-09 09:33:42,47.85,6800,47.8,U
sh603301,振德医疗,2025-10-09 09:33:45,47.82,5900,47.85,D
sh603301,振德医疗,2025-10-09 09:33:51,47.85,6960,47.85,D
sh603301,振德医疗,2025-10-09 09:33:54,48.02,6300,47.85,U
sh603301,振德医疗,2025-10-09 09:34:03,48.02,6000,47.99,E
sh603301,振德医疗,2025-10-09 09:34:06,48.01,5000,48.02,D
sh603301,振德医疗,2025-10-09 09:34:09,48.08,5100,48.01,U
sh603301,振德医疗,2025-10-09 09:34:12,48.45,8900,48.08,U
sh603301,振德医疗,2025-10-09 09:34:15,48.42,16100,48.45,E
sh603301,振德医疗,2025-10-09 09:34:18,48.34,12200,48.42,E
sh603301,振德医疗,2025-10-09 09:34:21,48.3,23200,48.34,D
sh603301,振德医疗,2025-10-09 09:34:24,48.4,13715,48.3,U
sh603301,振德医疗,2025-10-09 09:34:27,48.4,28800,48.4,D
sh603301,振德医疗,2025-10-09 09:34:30,48.28,64185,48.4,D
sh603301,振德医疗,2025-10-09 09:34:33,48.24,47800,48.28,D
sh603301,振德医疗,2025-10-09 09:34:36,48.25,12700,48.24,E
sh603301,振德医疗,2025-10-09 09:34:39,48.25,17400,48.25,D
sh603301,振德医疗,2025-10-09 09:34:42,48.35,5200,48.25,E
sh603301,振德医疗,2025-10-09 09:34:51,48.4,5300,48.39,U
sh603301,振德医疗,2025-10-09 09:34:57,48.28,6100,48.4,D
sh603301,振德医疗,2025-10-09 09:35:03,48.26,6900,48.34,D
sh603301,振德医疗,2025-10-09 09:35:06,48.34,7900,48.26,U
sh603301,振德医疗,2025-10-09 09:35:12,48.51,114400,48.34,U
sh603301,振德医疗,2025-10-09 09:35:18,48.58,6100,48.58,U
sh603301,振德医疗,2025-10-09 09:35:24,48.58,15800,48.6,D
sh603301,振德医疗,2025-10-09 09:35:27,48.5,4500,48.58,D
sh603301,振德医疗,2025-10-09 09:35:30,48.51,15500,48.5,U
sh603301,振德医疗,2025-10-09 09:35:36,48.51,4700,48.56,D
sh603301,振德医疗,2025-10-09 09:35:42,48.51,7600,48.53,D
sh603301,振德医疗,2025-10-09 09:35:45,48.55,5500,48.51,U
sh603301,振德医疗,2025-10-09 09:36:00,48.55,4568,48.51,U
sh603301,振德医疗,2025-10-09 09:36:03,48.69,23300,48.55,U
sh603301,振德医疗,2025-10-09 09:36:06,48.59,4500,48.69,D
sh603301,振德医疗,2025-10-09 09:36:18,48.7,5000,48.67,U
sh603301,振德医疗,2025-10-09 09:36:21,48.7,4600,48.7,D
sh603301,振德医疗,2025-10-09 09:36:24,48.7,8400,48.7,U
sh603301,振德医疗,2025-10-09 09:36:27,48.7,17000,48.7,U
sh603301,振德医疗,2025-10-09 09:36:30,48.61,10200,48.7,D
sh603301,振德医疗,2025-10-09 09:36:33,48.55,93632,48.61,D
sh603301,振德医疗,2025-10-09 09:36:36,48.4,14800,48.55,D
sh603301,振德医疗,2025-10-09 09:36:39,48.35,14200,48.4,D
sh603301,振德医疗,2025-10-09 09:36:42,48.4,4800,48.35,U
sh603301,振德医疗,2025-10-09 09:36:45,48.35,4700,48.4,D
sh603301,振德医疗,2025-10-09 09:36:48,48.42,8600,48.35,U
sh603301,振德医疗,2025-10-09 09:36:51,48.49,4700,48.42,U
sh603301,振德医疗,2025-10-09 09:36:57,48.49,44300,48.49,D
sh603301,振德医疗,2025-10-09 09:37:00,48.61,11500,48.49,U
sh603301,振德医疗,2025-10-09 09:37:03,48.7,6700,48.61,U
sh603301,振德医疗,2025-10-09 09:37:09,48.7,11800,48.69,U
sh603301,振德医疗,2025-10-09 09:37:12,48.72,14000,48.7,U
sh603301,振德医疗,2025-10-09 09:37:15,48.74,11200,48.72,U
sh603301,振德医疗,2025-10-09 09:37:24,48.75,8000,48.73,U
sh603301,振德医疗,2025-10-09 09:37:27,48.63,11600,48.75,D
sh603301,振德医疗,2025-10-09 09:37:33,48.55,13700,48.56,D
sh603301,振德医疗,2025-10-09 09:37:36,48.5,4300,48.55,D
sh603301,振德医疗,2025-10-09 09:37:39,48.52,5600,48.5,E
sh603301,振德医疗,2025-10-09 09:37:42,48.49,6900,48.52,D
sh603301,振德医疗,2025-10-09 09:37:45,48.5,15700,48.49,U
sh603301,振德医疗,2025-10-09 09:37:48,48.5,22600,48.5,U
sh603301,振德医疗,2025-10-09 09:37:51,48.5,11800,48.5,D
sh603301,振德医疗,2025-10-09 09:37:57,48.6,21568,48.5,U
sh603301,振德医疗,2025-10-09 09:38:06,48.69,6800,48.61,U
sh603301,振德医疗,2025-10-09 09:38:09,48.95,138100,48.69,U
sh603301,振德医疗,2025-10-09 09:38:12,48.99,45100,48.95,U
sh603301,振德医疗,2025-10-09 09:38:15,49.08,4500,48.99,U
sh603301,振德医疗,2025-10-09 09:38:21,49.18,21800,49.1,U
sh603301,振德医疗,2025-10-09 09:38:24,49.15,4700,49.18,E
sh603301,振德医疗,2025-10-09 09:38:27,49.14,11300,49.15,D
sh603301,振德医疗,2025-10-09 09:38:30,49.17,11800,49.14,U
sh603301,振德医疗,2025-10-09 09:38:33,49.18,6000,49.17,U
sh603301,振德医疗,2025-10-09 09:38:36,49.22,4600,49.18,U
sh603301,振德医疗,2025-10-09 09:38:39,49.27,4200,49.22,U
sh603301,振德医疗,2025-10-09 09:38:42,49.18,7400,49.27,D
sh603301,振德医疗,2025-10-09 09:38:45,49.2,101480,49.18,U
sh603301,振德医疗,2025-10-09 09:38:48,49.17,9600,49.2,D
sh603301,振德医疗,2025-10-09 09:38:51,49.18,8800,49.17,U
sh603301,振德医疗,2025-10-09 09:38:54,49.15,4300,49.18,D
sh603301,振德医疗,2025-10-09 09:38:57,48.99,15100,49.15,D
sh603301,振德医疗,2025-10-09 09:39:00,49.15,7700,48.99,U
sh603301,振德医疗,2025-10-09 09:39:03,49.09,26600,49.15,E
sh603301,振德医疗,2025-10-09 09:39:06,49.1,13500,49.09,U
sh603301,振德医疗,2025-10-09 09:39:12,49.15,7200,49.1,U
sh603301,振德医疗,2025-10-09 09:39:15,49.18,13200,49.15,U
sh603301,振德医疗,2025-10-09 09:39:18,49.2,8800,49.18,U
sh603301,振德医疗,2025-10-09 09:39:21,49.2,4500,49.2,U
sh603301,振德医疗,2025-10-09 09:39:24,49.18,8900,49.2,D
sh603301,振德医疗,2025-10-09 09:39:27,49.0,4900,49.18,D
sh603301,振德医疗,2025-10-09 09:39:30,49.0,8500,49.0,D
sh603301,振德医疗,2025-10-09 09:39:48,48.71,9400,48.73,D
sh603301,振德医疗,2025-10-09 09:39:51,48.8,11500,48.71,E
sh603301,振德医疗,2025-10-09 09:39:54,48.81,5600,48.8,U
sh603301,振德医疗,2025-10-09 09:40:06,48.72,17700,48.83,D
sh603301,振德医疗,2025-10-09 09:40:12,48.81,4700,48.81,U
sh603301,振德医疗,2025-10-09 09:40:15,48.75,9700,48.81,E
sh603301,振德医疗,2025-10-09 09:40:18,48.72,4500,48.75,D
sh603301,振德医疗,2025-10-09 09:40:21,48.73,20100,48.72,U
sh603301,振德医疗,2025-10-09 09:40:24,48.71,14500,48.73,D
sh603301,振德医疗,2025-10-09 09:40:27,48.72,8100,48.71,U
sh603301,振德医疗,2025-10-09 09:40:30,48.72,10100,48.72,U
sh603301,振德医疗,2025-10-09 09:40:33,48.71,5800,48.72,E
sh603301,振德医疗,2025-10-09 09:40:39,48.71,5700,48.7,U
sh603301,振德医疗,2025-10-09 09:40:48,48.68,6300,48.7,D
sh603301,振德医疗,2025-10-09 09:40:51,48.6,12700,48.68,D
sh603301,振德医疗,2025-10-09 09:40:54,48.7,28900,48.6,U
sh603301,振德医疗,2025-10-09 09:40:57,48.7,9300,48.7,D
sh603301,振德医疗,2025-10-09 09:41:03,48.62,23400,48.7,D
sh603301,振德医疗,2025-10-09 09:41:12,48.5,16800,48.51,D
sh603301,振德医疗,2025-10-09 09:41:15,48.5,40800,48.5,D
sh603301,振德医疗,2025-10-09 09:41:18,48.48,19300,48.5,D
sh603301,振德医疗,2025-10-09 09:41:21,48.47,12700,48.48,D
sh603301,振德医疗,2025-10-09 09:41:27,48.34,8100,48.39,D
sh603301,振德医疗,2025-10-09 09:41:39,48.3,5200,48.21,U
sh603301,振德医疗,2025-10-09 09:41:42,48.2,7700,48.3,D
sh603301,振德医疗,2025-10-09 09:41:51,48.17,4700,48.17,U
sh603301,振德医疗,2025-10-09 09:42:12,48.39,7900,48.36,U
sh603301,振德医疗,2025-10-09 09:42:21,48.48,9200,48.48,U
sh603301,振德医疗,2025-10-09 09:42:24,48.51,10900,48.48,U
sh603301,振德医疗,2025-10-09 09:42:30,48.48,26400,48.51,D
sh603301,振德医疗,2025-10-09 09:42:33,48.51,6300,48.48,U
sh603301,振德医疗,2025-10-09 09:42:42,48.69,9200,48.58,U
sh603301,振德医疗,2025-10-09 09:42:51,48.67,15500,48.69,D
sh603301,振德医疗,2025-10-09 09:43:00,48.64,5600,48.64,U
sh603301,振德医疗,2025-10-09 09:43:06,48.64,11700,48.63,U
sh603301,振德医疗,2025-10-09 09:43:09,48.64,16700,48.64,D
sh603301,振德医疗,2025-10-09 09:43:12,48.63,4400,48.64,D
sh603301,振德医疗,2025-10-09 09:43:18,48.7,4900,48.68,U
sh603301,振德医疗,2025-10-09 09:43:51,48.88,97300,48.76,U
sh603301,振德医疗,2025-10-09 09:43:57,48.82,25300,48.89,D
sh603301,振德医疗,2025-10-09 09:44:06,48.99,9000,48.96,U
sh603301,振德医疗,2025-10-09 09:44:12,49.08,13800,49.17,D
sh603301,振德医疗,2025-10-09 09:44:15,49.25,63000,49.08,U
sh603301,振德医疗,2025-10-09 09:44:18,49.23,14600,49.25,E
sh603301,振德医疗,2025-10-09 09:44:24,49.46,5200,49.26,U
sh603301,振德医疗,2025-10-09 09:44:27,49.39,5700,49.46,E
sh603301,振德医疗,2025-10-09 09:44:30,49.41,5300,49.39,U
sh603301,振德医疗,2025-10-09 09:44:33,49.44,31400,49.41,U
sh603301,振德医疗,2025-10-09 09:44:36,49.44,16000,49.44,U
sh603301,振德医疗,2025-10-09 09:44:39,49.45,9700,49.44,D
sh603301,振德医疗,2025-10-09 09:44:42,49.42,6300,49.45,D
sh603301,振德医疗,2025-10-09 09:44:45,49.33,10800,49.42,E
sh603301,振德医疗,2025-10-09 09:44:51,49.45,9700,49.45,E
sh603301,振德医疗,2025-10-09 09:44:57,49.34,6800,49.34,D
sh603301,振德医疗,2025-10-09 09:45:03,49.43,6500,49.44,E
sh603301,振德医疗,2025-10-09 09:45:06,49.38,4500,49.43,D
sh603301,振德医疗,2025-10-09 09:45:09,49.34,14000,49.38,D
sh603301,振德医疗,2025-10-09 09:45:12,49.35,5800,49.34,U
sh603301,振德医疗,2025-10-09 09:45:15,49.56,110500,49.35,U
sh603301,振德医疗,2025-10-09 09:45:18,49.79,5600,49.56,U
sh603301,振德医疗,2025-10-09 09:45:21,49.88,11400,49.79,U
sh603301,振德医疗,2025-10-09 09:45:24,49.86,35970,49.88,D
sh603301,振德医疗,2025-10-09 09:45:27,49.86,13330,49.86,D
sh603301,振德医疗,2025-10-09 09:45:30,49.86,14400,49.86,U
sh603301,振德医疗,2025-10-09 09:45:33,49.82,9200,49.86,E
sh603301,振德医疗,2025-10-09 09:45:36,49.83,17200,49.82,U
sh603301,振德医疗,2025-10-09 09:45:39,49.68,10500,49.83,D
sh603301,振德医疗,2025-10-09 09:45:45,49.81,6400,49.84,D
sh603301,振德医疗,2025-10-09 09:45:48,49.82,5800,49.81,U
sh603301,振德医疗,2025-10-09 09:45:51,49.82,5100,49.82,U
sh603301,振德医疗,2025-10-09 09:45:54,49.81,5700,49.82,D
sh603301,振德医疗,2025-10-09 09:45:57,49.84,19900,49.81,U
sh603301,振德医疗,2025-10-09 09:46:03,49.59,16500,49.74,D
sh603301,振德医疗,2025-10-09 09:46:06,49.59,21600,49.59,U
sh603301,振德医疗,2025-10-09 09:46:09,49.59,5000,49.59,U
sh603301,振德医疗,2025-10-09 09:46:15,49.65,12500,49.68,E
sh603301,振德医疗,2025-10-09 09:46:18,49.6,12400,49.65,D
sh603301,振德医疗,2025-10-09 09:46:21,49.85,8000,49.6,U
sh603301,振德医疗,2025-10-09 09:46:24,49.89,8170,49.85,U
sh603301,振德医疗,2025-10-09 09:46:27,49.87,18830,49.89,D
sh603301,振德医疗,2025-10-09 09:46:30,49.97,20600,49.87,U
sh603301,振德医疗,2025-10-09 09:46:33,49.97,15500,49.97,U
sh603301,振德医疗,2025-10-09 09:46:36,49.98,5400,49.97,E
sh603301,振德医疗,2025-10-09 09:46:39,49.97,10500,49.98,E
sh603301,振德医疗,2025-10-09 09:46:42,50.09,45400,49.97,U
sh603301,振德医疗,2025-10-09 09:46:45,50.18,18100,50.09,U
sh603301,振德医疗,2025-10-09 09:46:51,50.23,23600,50.17,U
sh603301,振德医疗,2025-10-09 09:46:57,50.18,59900,50.28,D
sh603301,振德医疗,2025-10-09 09:47:00,50.16,15600,50.18,D
sh603301,振德医疗,2025-10-09 09:47:03,49.81,31100,50.16,D
sh603301,振德医疗,2025-10-09 09:47:06,50.02,43200,49.81,U
sh603301,振德医疗,2025-10-09 09:47:09,50.02,11600,50.02,D
sh603301,振德医疗,2025-10-09 09:47:12,50.0,6800,50.02,D
sh603301,振德医疗,2025-10-09 09:47:15,50.0,10200,50.0,D
sh603301,振德医疗,2025-10-09 09:47:18,49.99,11800,50.0,E
sh603301,振德医疗,2025-10-09 09:47:21,50.0,13200,49.99,U
sh603301,振德医疗,2025-10-09 09:47:24,49.98,20600,50.0,D
sh603301,振德医疗,2025-10-09 09:47:27,50.0,5800,49.98,U
sh603301,振德医疗,2025-10-09 09:47:30,50.0,6600,50.0,U
sh603301,振德医疗,2025-10-09 09:47:33,49.99,6800,50.0,D
sh603301,振德医疗,2025-10-09 09:47:36,49.94,9200,49.99,D
sh603301,振德医疗,2025-10-09 09:47:39,49.98,4400,49.94,D
sh603301,振德医疗,2025-10-09 09:47:42,49.98,11600,49.98,U
sh603301,振德医疗,2025-10-09 09:47:45,50.0,13700,49.98,U
sh603301,振德医疗,2025-10-09 09:47:48,50.01,32500,50.0,U
sh603301,振德医疗,2025-10-09 09:47:51,50.0,14800,50.01,U
sh603301,振德医疗,2025-10-09 09:47:54,49.99,5300,50.0,D
sh603301,振德医疗,2025-10-09 09:47:57,50.01,9700,49.99,U
sh603301,振德医疗,2025-10-09 09:48:00,50.0,36600,50.01,D
sh603301,振德医疗,2025-10-09 09:48:03,50.01,7300,50.0,E
sh603301,振德医疗,2025-10-09 09:48:06,50.01,5300,50.01,D
sh603301,振德医疗,2025-10-09 09:48:09,50.01,6300,50.01,D
sh603301,振德医疗,2025-10-09 09:48:15,50.01,6100,50.08,D
sh603301,振德医疗,2025-10-09 09:48:21,50.0,5200,50.0,D
sh603301,振德医疗,2025-10-09 09:48:24,49.98,7900,50.0,D
sh603301,振德医疗,2025-10-09 09:48:33,49.9,18600,49.98,D
sh603301,振德医疗,2025-10-09 09:48:36,49.9,16200,49.9,D
sh603301,振德医疗,2025-10-09 09:48:42,49.88,4700,49.84,U
sh603301,振德医疗,2025-10-09 09:48:45,49.89,4800,49.88,U
sh603301,振德医疗,2025-10-09 09:48:48,49.98,5800,49.89,U
sh603301,振德医疗,2025-10-09 09:48:51,49.88,10500,49.98,D
sh603301,振德医疗,2025-10-09 09:48:54,49.94,7100,49.88,E
sh603301,振德医疗,2025-10-09 09:49:24,49.92,5600,49.95,D
sh603301,振德医疗,2025-10-09 09:49:30,49.98,10100,50.0,D
sh603301,振德医疗,2025-10-09 09:49:33,49.94,12400,49.98,U
sh603301,振德医疗,2025-10-09 09:49:36,50.01,9700,49.94,U
sh603301,振德医疗,2025-10-09 09:49:51,50.0,4700,50.0,U
sh603301,振德医疗,2025-10-09 09:49:54,50.02,5100,50.0,U
sh603301,振德医疗,2025-10-09 09:50:03,50.02,10800,50.02,D
sh603301,振德医疗,2025-10-09 09:50:12,50.08,14840,50.02,U
sh603301,振德医疗,2025-10-09 09:50:15,50.08,6000,50.08,D
sh603301,振德医疗,2025-10-09 09:50:18,49.96,6760,50.08,D
sh603301,振德医疗,2025-10-09 09:50:21,49.94,27300,49.96,D
sh603301,振德医疗,2025-10-09 09:50:24,49.9,4600,49.94,D
sh603301,振德医疗,2025-10-09 09:50:33,49.89,5200,49.89,D
sh603301,振德医疗,2025-10-09 09:50:39,49.89,19600,49.88,U
sh603301,振德医疗,2025-10-09 09:50:42,49.88,19500,49.89,D
sh603301,振德医疗,2025-10-09 09:50:51,49.89,17300,49.88,E
sh603301,振德医疗,2025-10-09 09:50:54,49.98,4300,49.89,E
sh603301,振德医疗,2025-10-09 09:51:09,49.89,4200,49.89,U
sh603301,振德医疗,2025-10-09 09:51:21,49.98,6900,49.89,U
sh603301,振德医疗,2025-10-09 09:51:54,50.03,10500,49.97,U
sh603301,振德医疗,2025-10-09 09:52:09,50.07,4100,50.05,U
sh603301,振德医疗,2025-10-09 09:52:12,50.1,10200,50.07,U
sh603301,振德医疗,2025-10-09 09:52:15,50.08,5900,50.1,D
sh603301,振德医疗,2025-10-09 09:52:21,50.2,23500,50.15,U
sh603301,振德医疗,2025-10-09 09:52:24,50.28,4100,50.2,U
sh603301,振德医疗,2025-10-09 09:52:27,50.3,6700,50.28,U
sh603301,振德医疗,2025-10-09 09:52:30,50.33,8600,50.3,U
sh603301,振德医疗,2025-10-09 09:52:36,50.3,4000,50.36,D
sh603301,振德医疗,2025-10-09 09:52:39,50.3,6500,50.3,U
sh603301,振德医疗,2025-10-09 09:52:42,50.31,8400,50.3,U
sh603301,振德医疗,2025-10-09 09:52:45,50.22,5300,50.31,D
sh603301,振德医疗,2025-10-09 09:52:48,50.31,41300,50.22,U
sh603301,振德医疗,2025-10-09 09:53:00,50.07,17800,50.15,D
sh603301,振德医疗,2025-10-09 09:53:03,50.1,14300,50.07,D
sh603301,振德医疗,2025-10-09 09:54:03,50.29,9300,50.29,E
sh603301,振德医疗,2025-10-09 09:54:06,50.39,5600,50.29,U
sh603301,振德医疗,2025-10-09 09:54:09,50.41,11700,50.39,U
sh603301,振德医疗,2025-10-09 09:54:12,50.45,6900,50.41,U
sh603301,振德医疗,2025-10-09 09:54:18,50.5,6600,50.45,U
sh603301,振德医疗,2025-10-09 09:54:21,50.5,10900,50.5,U
sh603301,振德医疗,2025-10-09 09:54:27,50.5,5500,50.48,U
sh603301,振德医疗,2025-10-09 09:54:30,50.5,4100,50.5,D
sh603301,振德医疗,2025-10-09 09:54:33,50.5,13000,50.5,D
sh603301,振德医疗,2025-10-09 09:54:36,50.41,44800,50.5,D
sh603301,振德医疗,2025-10-09 09:54:45,50.36,9100,50.35,U
sh603301,振德医疗,2025-10-09 09:54:54,50.35,8900,50.41,D
sh603301,振德医疗,2025-10-09 09:55:00,50.3,5200,50.35,D
sh603301,振德医疗,2025-10-09 09:55:03,50.08,14300,50.3,D
sh603301,振德医疗,2025-10-09 09:55:06,50.08,8000,50.08,D
sh603301,振德医疗,2025-10-09 09:55:09,50.4,5200,50.08,U
sh603301,振德医疗,2025-10-09 09:55:15,50.2,5500,50.2,D
sh603301,振德医疗,2025-10-09 09:55:27,50.2,6100,50.21,D
sh603301,振德医疗,2025-10-09 09:55:33,50.21,5600,50.27,D
sh603301,振德医疗,2025-10-09 09:55:42,50.36,14539,50.35,U
sh603301,振德医疗,2025-10-09 09:55:48,50.42,7600,50.36,U
sh603301,振德医疗,2025-10-09 09:55:51,50.42,4900,50.42,D
sh603301,振德医疗,2025-10-09 09:56:03,50.45,29100,50.49,D
sh603301,振德医疗,2025-10-09 09:56:06,50.42,5300,50.45,D
sh603301,振德医疗,2025-10-09 09:56:09,50.37,13600,50.42,D
sh603301,振德医疗,2025-10-09 09:56:12,50.33,5200,50.37,D
sh603301,振德医疗,2025-10-09 09:56:21,50.21,11500,50.21,U
sh603301,振德医疗,2025-10-09 09:56:24,50.21,6600,50.21,U
sh603301,振德医疗,2025-10-09 09:56:48,50.31,39000,50.29,U
sh603301,振德医疗,2025-10-09 09:56:51,50.36,7500,50.31,E
sh603301,振德医疗,2025-10-09 09:56:54,50.34,6100,50.36,D
sh603301,振德医疗,2025-10-09 09:57:54,50.42,4600,50.43,D
sh603301,振德医疗,2025-10-09 09:57:57,50.45,4200,50.42,U
sh603301,振德医疗,2025-10-09 09:58:18,50.45,4100,50.44,U
sh603301,振德医疗,2025-10-09 09:59:09,50.55,49300,50.46,U
sh603301,振德医疗,2025-10-09 09:59:48,50.93,9200,50.88,U
sh603301,振德医疗,2025-10-09 09:59:51,50.96,9700,50.93,U
sh603301,振德医疗,2025-10-09 09:59:54,50.94,5900,50.96,D
sh603301,振德医疗,2025-10-09 09:59:57,50.93,24000,50.94,D
sh603301,振德医疗,2025-10-09 10:00:00,50.89,17700,50.93,D
sh603301,振德医疗,2025-10-09 10:00:03,50.89,10400,50.89,U
sh603301,振德医疗,2025-10-09 10:00:06,50.97,60922,50.89,U
sh603301,振德医疗,2025-10-09 10:00:24,51.19,25200,51.15,U
sh603301,振德医疗,2025-10-09 10:00:33,51.2,6200,51.2,U
sh603301,振德医疗,2025-10-09 10:00:36,51.2,4600,51.2,D
sh603301,振德医疗,2025-10-09 10:00:39,51.18,49000,51.2,D
sh603301,振德医疗,2025-10-09 10:00:42,51.03,39000,51.18,D
sh603301,振德医疗,2025-10-09 10:00:45,51.2,24800,51.03,U
sh603301,振德医疗,2025-10-09 10:00:48,51.23,27700,51.2,E
sh603301,振德医疗,2025-10-09 10:00:51,51.24,7600,51.23,E
sh603301,振德医疗,2025-10-09 10:00:54,51.22,34400,51.24,D
sh603301,振德医疗,2025-10-09 10:00:57,51.25,13700,51.22,U
sh603301,振德医疗,2025-10-09 10:01:00,51.26,16200,51.25,U
sh603301,振德医疗,2025-10-09 10:01:03,51.05,28700,51.26,D
sh603301,振德医疗,2025-10-09 10:01:06,50.8,9400,51.05,D
sh603301,振德医疗,2025-10-09 10:01:09,51.05,6600,50.8,U
sh603301,振德医疗,2025-10-09 10:01:15,50.77,7600,50.66,U
sh603301,振德医疗,2025-10-09 10:01:18,50.76,10500,50.77,U
sh603301,振德医疗,2025-10-09 10:01:24,50.77,8800,50.77,D
sh603301,振德医疗,2025-10-09 10:01:30,50.78,7300,50.77,E
sh603301,振德医疗,2025-10-09 10:01:33,50.66,11500,50.78,D
sh603301,振德医疗,2025-10-09 10:01:36,50.75,4000,50.66,U
sh603301,振德医疗,2025-10-09 10:01:42,50.74,6700,50.67,E
sh603301,振德医疗,2025-10-09 10:02:15,50.79,7500,50.83,E
sh603301,振德医疗,2025-10-09 10:02:24,50.81,11400,50.78,U
sh603301,振德医疗,2025-10-09 10:02:54,51.03,4100,51.03,D
sh603301,振德医疗,2025-10-09 10:02:57,51.05,17100,51.03,U
sh603301,振德医疗,2025-10-09 10:03:21,50.9,12800,50.92,D
sh603301,振德医疗,2025-10-09 10:03:33,50.9,5400,50.93,D
sh603301,振德医疗,2025-10-09 10:03:42,50.9,5100,50.9,D
sh603301,振德医疗,2025-10-09 10:03:57,50.9,5600,50.88,U
sh603301,振德医疗,2025-10-09 10:04:21,50.86,4300,50.92,D
sh603301,振德医疗,2025-10-09 10:05:12,51.01,17300,51.04,D
sh603301,振德医疗,2025-10-09 10:05:42,51.15,4300,51.15,U
sh603301,振德医疗,2025-10-09 10:06:00,51.15,6600,51.16,D
sh603301,振德医疗,2025-10-09 10:06:18,51.16,5500,51.16,D
sh603301,振德医疗,2025-10-09 10:06:30,51.24,17300,51.2,U
sh603301,振德医疗,2025-10-09 10:06:54,51.23,4700,51.24,D
sh603301,振德医疗,2025-10-09 10:06:57,51.21,4700,51.23,D
sh603301,振德医疗,2025-10-09 10:07:00,51.2,5100,51.21,D
sh603301,振德医疗,2025-10-09 10:07:33,51.19,12600,51.2,E
sh603301,振德医疗,2025-10-09 10:07:36,51.2,6500,51.19,D
sh603301,振德医疗,2025-10-09 10:07:39,51.26,17800,51.2,U
sh603301,振德医疗,2025-10-09 10:07:42,51.3,6600,51.26,U
sh603301,振德医疗,2025-10-09 10:07:45,51.21,5200,51.3,D
sh603301,振德医疗,2025-10-09 10:07:48,51.3,6300,51.21,U
sh603301,振德医疗,2025-10-09 10:07:51,51.3,5400,51.3,U
sh603301,振德医疗,2025-10-09 10:08:06,51.29,12200,51.3,E
sh603301,振德医疗,2025-10-09 10:08:12,51.31,29000,51.26,U
sh603301,振德医疗,2025-10-09 10:08:15,51.33,324720,51.31,U
sh603301,振德医疗,2025-10-09 10:08:24,51.33,4100,51.33,D
sh603301,振德医疗,2025-10-09 10:08:36,51.33,6200,51.33,D
sh603301,振德医疗,2025-10-09 10:08:42,51.33,7400,51.33,D
sh603301,振德医疗,2025-10-09 10:08:48,51.33,3900,51.33,D
sh603301,振德医疗,2025-10-09 10:08:54,51.33,20000,51.33,D
sh603301,振德医疗,2025-10-09 10:09:09,51.33,20400,51.33,D
sh603301,振德医疗,2025-10-09 10:09:45,51.33,4100,51.33,D
sh603301,振德医疗,2025-10-09 10:11:18,51.33,4100,51.33,D
sh603301,振德医疗,2025-10-09 10:13:42,51.33,4900,51.33,D
sh603301,振德医疗,2025-10-09 10:16:36,51.33,7000,51.33,D
sh603301,振德医疗,2025-10-09 10:17:57,51.33,4000,51.33,D
sh603301,振德医疗,2025-10-09 10:25:39,51.33,40300,51.33,D
sh603301,振德医疗,2025-10-09 10:46:21,51.33,4800,51.33,D
sh603301,振德医疗,2025-10-09 10:46:33,51.33,5500,51.33,D
sh603301,振德医疗,2025-10-09 10:52:33,51.33,6000,51.33,D
sh603301,振德医疗,2025-10-09 10:54:09,51.33,5500,51.33,D
sh603301,振德医疗,2025-10-09 11:26:45,51.33,4200,51.33,D
sh603301,振德医疗,2025-10-09 13:00:57,51.33,4800,51.33,D
sh603301,振德医疗,2025-10-09 13:19:06,51.33,10000,51.33,D
sh603301,振德医疗,2025-10-09 13:19:24,51.33,10000,51.33,D
sh603301,振德医疗,2025-10-09 13:23:00,51.33,10300,51.33,D
sh603301,振德医疗,2025-10-09 13:23:39,51.33,10100,51.33,D
sh603301,振德医疗,2025-10-09 13:45:21,51.33,6400,51.33,D
sh603301,振德医疗,2025-10-09 13:46:33,51.33,18600,51.33,D
sh603301,振德医疗,2025-10-09 13:56:36,51.33,15000,51.33,D
sh603301,振德医疗,2025-10-09 14:12:42,51.33,5000,51.33,D
sh603301,振德医疗,2025-10-09 14:28:48,51.33,6300,51.33,D
sh603301,振德医疗,2025-10-09 14:28:57,51.33,6300,51.33,D
sh603301,振德医疗,2025-10-09 15:00:03,51.33,7700,51.33,U
