symbol,name,ticktime,price,volume,prev_price,kind
sh603301,振德医疗,2025-09-18 09:25:01,39.35,103500,0.0,U
sh603301,振德医疗,2025-09-18 09:30:08,39.36,6100,39.44,D
sh603301,振德医疗,2025-09-18 09:30:11,39.35,9800,39.36,D
sh603301,振德医疗,2025-09-18 09:30:14,39.44,5900,39.35,U
sh603301,振德医疗,2025-09-18 09:30:17,39.44,5700,39.44,U
sh603301,振德医疗,2025-09-18 09:30:20,39.44,11500,39.44,D
sh603301,振德医疗,2025-09-18 09:30:23,39.43,10700,39.44,E
sh603301,振德医疗,2025-09-18 09:30:29,39.49,5500,39.44,U
sh603301,振德医疗,2025-09-18 09:30:32,39.49,12500,39.49,D
sh603301,振德医疗,2025-09-18 09:30:35,39.61,15300,39.49,U
sh603301,振德医疗,2025-09-18 09:30:41,39.65,30100,39.64,U
sh603301,振德医疗,2025-09-18 09:30:44,39.67,12300,39.65,U
sh603301,振德医疗,2025-09-18 09:30:47,39.74,8000,39.67,U
sh603301,振德医疗,2025-09-18 09:30:50,39.8,18200,39.74,U
sh603301,振德医疗,2025-09-18 09:30:53,39.76,48900,39.8,D
sh603301,振德医疗,2025-09-18 09:30:56,39.85,28200,39.76,U
sh603301,振德医疗,2025-09-18 09:30:59,39.89,10165,39.85,U
sh603301,振德医疗,2025-09-18 09:31:02,39.9,29000,39.89,U
sh603301,振德医疗,2025-09-18 09:31:05,39.9,25600,39.9,D
sh603301,振德医疗,2025-09-18 09:31:08,39.93,19100,39.9,D
sh603301,振德医疗,2025-09-18 09:31:11,39.93,27500,39.93,D
sh603301,振德医疗,2025-09-18 09:31:14,39.8,38300,39.93,D
sh603301,振德医疗,2025-09-18 09:31:17,39.93,35400,39.8,U
sh603301,振德医疗,2025-09-18 09:31:20,39.8,21700,39.93,D
sh603301,振德医疗,2025-09-18 09:31:23,39.8,31000,39.8,U
sh603301,振德医疗,2025-09-18 09:31:26,39.96,8700,39.8,U
sh603301,振德医疗,2025-09-18 09:31:29,39.98,16300,39.96,U
sh603301,振德医疗,2025-09-18 09:31:32,39.99,16300,39.98,E
sh603301,振德医疗,2025-09-18 09:31:35,39.99,45800,39.99,D
sh603301,振德医疗,2025-09-18 09:31:38,39.96,8900,39.99,E
sh603301,振德医疗,2025-09-18 09:31:44,39.81,6700,39.96,D
sh603301,振德医疗,2025-09-18 09:31:47,39.8,29500,39.81,D
sh603301,振德医疗,2025-09-18 09:31:50,39.8,21600,39.8,D
sh603301,振德医疗,2025-09-18 09:31:53,39.81,10000,39.8,E
sh603301,振德医疗,2025-09-18 09:31:56,39.81,10500,39.81,D
sh603301,振德医疗,2025-09-18 09:31:59,39.98,5900,39.81,U
sh603301,振德医疗,2025-09-18 09:32:02,40.02,5700,39.98,U
sh603301,振德医疗,2025-09-18 09:32:05,40.01,16500,40.02,D
sh603301,振德医疗,2025-09-18 09:32:08,39.99,6100,40.01,D
sh603301,振德医疗,2025-09-18 09:32:11,39.8,14500,39.99,D
sh603301,振德医疗,2025-09-18 09:32:14,40.0,22000,39.8,U
sh603301,振德医疗,2025-09-18 09:32:23,40.0,7600,40.0,U
sh603301,振德医疗,2025-09-18 09:32:26,40.0,57700,40.0,U
sh603301,振德医疗,2025-09-18 09:32:29,39.99,6300,40.0,D
sh603301,振德医疗,2025-09-18 09:32:32,39.99,11900,39.99,U
sh603301,振德医疗,2025-09-18 09:32:35,39.99,18570,39.99,D
sh603301,振德医疗,2025-09-18 09:32:38,39.98,9300,39.99,U
sh603301,振德医疗,2025-09-18 09:32:41,39.98,18700,39.98,D
sh603301,振德医疗,2025-09-18 09:32:44,39.98,17100,39.98,D
sh603301,振德医疗,2025-09-18 09:32:47,39.98,12900,39.98,U
sh603301,振德医疗,2025-09-18 09:32:50,40.14,18100,39.98,U
sh603301,振德医疗,2025-09-18 09:32:53,40.14,10100,40.14,U
sh603301,振德医疗,2025-09-18 09:32:59,40.23,5900,40.18,U
sh603301,振德医疗,2025-09-18 09:33:02,40.21,11700,40.23,D
sh603301,振德医疗,2025-09-18 09:33:05,40.23,9200,40.21,U
sh603301,振德医疗,2025-09-18 09:33:08,40.27,14100,40.23,U
sh603301,振德医疗,2025-09-18 09:33:11,40.23,24500,40.27,D
sh603301,振德医疗,2025-09-18 09:33:14,40.24,10900,40.23,U
sh603301,振德医疗,2025-09-18 09:33:17,39.97,19700,40.24,D
sh603301,振德医疗,2025-09-18 09:33:23,40.0,10600,39.9,U
sh603301,振德医疗,2025-09-18 09:33:32,40.1,9200,40.12,D
sh603301,振德医疗,2025-09-18 09:33:44,40.05,10300,40.0,U
sh603301,振德医疗,2025-09-18 09:33:47,40.05,6500,40.05,D
sh603301,振德医疗,2025-09-18 09:33:50,40.06,5400,40.05,E
sh603301,振德医疗,2025-09-18 09:33:56,40.02,22300,40.04,E
sh603301,振德医疗,2025-09-18 09:34:02,39.99,5300,40.02,D
sh603301,振德医疗,2025-09-18 09:34:08,39.88,14600,40.0,D
sh603301,振德医疗,2025-09-18 09:34:11,39.91,7200,39.88,U
sh603301,振德医疗,2025-09-18 09:34:20,39.74,38100,39.85,D
sh603301,振德医疗,2025-09-18 09:34:23,39.65,26200,39.74,D
sh603301,振德医疗,2025-09-18 09:34:26,39.55,6900,39.65,D
sh603301,振德医疗,2025-09-18 09:34:35,39.58,31600,39.48,U
sh603301,振德医疗,2025-09-18 09:34:38,39.66,18300,39.58,U
sh603301,振德医疗,2025-09-18 09:34:41,39.66,22600,39.66,D
sh603301,振德医疗,2025-09-18 09:34:44,39.65,42800,39.66,U
sh603301,振德医疗,2025-09-18 09:34:53,39.58,19700,39.65,D
sh603301,振德医疗,2025-09-18 09:34:56,39.58,30800,39.58,U
sh603301,振德医疗,2025-09-18 09:34:59,39.58,16200,39.58,D
sh603301,振德医疗,2025-09-18 09:35:02,39.41,31600,39.58,D
sh603301,振德医疗,2025-09-18 09:35:05,39.57,14300,39.41,U
sh603301,振德医疗,2025-09-18 09:35:08,39.44,11900,39.57,D
sh603301,振德医疗,2025-09-18 09:35:11,39.56,6000,39.44,U
sh603301,振德医疗,2025-09-18 09:35:20,39.66,16200,39.65,U
sh603301,振德医疗,2025-09-18 09:35:23,39.69,5700,39.66,U
sh603301,振德医疗,2025-09-18 09:35:32,39.66,5100,39.61,U
sh603301,振德医疗,2025-09-18 09:35:35,39.59,30100,39.66,D
sh603301,振德医疗,2025-09-18 09:35:41,39.5,6300,39.5,D
sh603301,振德医疗,2025-09-18 09:35:44,39.48,5400,39.5,D
sh603301,振德医疗,2025-09-18 09:35:47,39.51,5500,39.48,U
sh603301,振德医疗,2025-09-18 09:35:50,39.51,9100,39.51,D
sh603301,振德医疗,2025-09-18 09:35:53,39.5,7600,39.51,D
sh603301,振德医疗,2025-09-18 09:35:56,39.48,6800,39.5,D
sh603301,振德医疗,2025-09-18 09:36:02,39.42,12700,39.48,D
sh603301,振德医疗,2025-09-18 09:36:05,39.35,54100,39.42,D
sh603301,振德医疗,2025-09-18 09:36:08,39.25,10200,39.35,D
sh603301,振德医疗,2025-09-18 09:36:11,39.13,15900,39.25,D
sh603301,振德医疗,2025-09-18 09:36:14,39.21,6500,39.13,U
sh603301,振德医疗,2025-09-18 09:36:17,39.22,12900,39.21,E
sh603301,振德医疗,2025-09-18 09:36:20,39.37,6200,39.22,U
sh603301,振德医疗,2025-09-18 09:36:23,39.46,18700,39.37,U
sh603301,振德医疗,2025-09-18 09:36:35,39.47,12014,39.58,D
sh603301,振德医疗,2025-09-18 09:36:38,39.49,10400,39.47,U
sh603301,振德医疗,2025-09-18 09:36:41,39.47,15800,39.49,D
sh603301,振德医疗,2025-09-18 09:36:53,39.6,5100,39.6,E
sh603301,振德医疗,2025-09-18 09:37:08,39.67,11786,39.64,U
sh603301,振德医疗,2025-09-18 09:37:11,39.8,14200,39.67,U
sh603301,振德医疗,2025-09-18 09:37:14,39.75,5600,39.8,E
sh603301,振德医疗,2025-09-18 09:37:17,39.75,5200,39.75,D
sh603301,振德医疗,2025-09-18 09:37:20,39.91,6000,39.75,U
sh603301,振德医疗,2025-09-18 09:37:23,39.87,7900,39.91,D
sh603301,振德医疗,2025-09-18 09:37:29,39.95,5300,39.92,U
sh603301,振德医疗,2025-09-18 09:37:35,39.84,18900,39.95,D
sh603301,振德医疗,2025-09-18 09:37:41,39.86,17900,39.84,U
sh603301,振德医疗,2025-09-18 09:37:44,39.8,15000,39.86,D
sh603301,振德医疗,2025-09-18 09:37:50,39.75,9900,39.75,D
sh603301,振德医疗,2025-09-18 09:37:59,39.76,7800,39.71,U
sh603301,振德医疗,2025-09-18 09:38:08,39.86,40100,39.74,U
sh603301,振德医疗,2025-09-18 09:38:11,39.8,7000,39.86,D
sh603301,振德医疗,2025-09-18 09:38:14,39.79,5800,39.8,D
sh603301,振德医疗,2025-09-18 09:38:23,39.81,5400,39.78,D
sh603301,振德医疗,2025-09-18 09:38:29,39.89,6700,39.84,U
sh603301,振德医疗,2025-09-18 09:38:44,39.9,9200,39.9,D
sh603301,振德医疗,2025-09-18 09:38:50,39.9,6900,39.91,U
sh603301,振德医疗,2025-09-18 09:39:14,39.82,6300,39.85,D
sh603301,振德医疗,2025-09-18 09:39:23,39.89,32000,39.82,U
sh603301,振德医疗,2025-09-18 09:39:26,39.84,19200,39.89,D
sh603301,振德医疗,2025-09-18 09:40:02,39.79,26100,39.84,D
sh603301,振德医疗,2025-09-18 09:40:08,39.7,8300,39.81,D
sh603301,振德医疗,2025-09-18 09:40:14,39.7,10800,39.71,E
sh603301,振德医疗,2025-09-18 09:40:17,39.72,5200,39.7,U
sh603301,振德医疗,2025-09-18 09:40:20,39.74,7500,39.72,U
sh603301,振德医疗,2025-09-18 09:40:38,39.76,8300,39.77,D
sh603301,振德医疗,2025-09-18 09:40:53,39.8,10500,39.79,U
sh603301,振德医疗,2025-09-18 09:41:23,39.82,16988,39.78,U
sh603301,振德医疗,2025-09-18 09:41:26,39.88,119000,39.82,U
sh603301,振德医疗,2025-09-18 09:41:29,39.91,50900,39.88,U
sh603301,振德医疗,2025-09-18 09:41:32,39.9,14300,39.91,D
sh603301,振德医疗,2025-09-18 09:41:38,39.92,5600,39.9,U
sh603301,振德医疗,2025-09-18 09:41:59,39.71,23300,39.84,D
sh603301,振德医疗,2025-09-18 09:42:05,39.68,11400,39.71,D
sh603301,振德医疗,2025-09-18 09:42:38,39.7,12300,39.74,D
sh603301,振德医疗,2025-09-18 09:42:41,39.7,6600,39.7,U
sh603301,振德医疗,2025-09-18 09:42:47,39.73,7100,39.69,U
sh603301,振德医疗,2025-09-18 09:42:59,39.78,78500,39.72,U
sh603301,振德医疗,2025-09-18 09:43:02,39.86,6000,39.78,U
sh603301,振德医疗,2025-09-18 09:43:08,40.06,81800,39.89,U
sh603301,振德医疗,2025-09-18 09:43:11,40.1,8100,40.06,U
sh603301,振德医疗,2025-09-18 09:43:14,40.15,8400,40.1,U
sh603301,振德医疗,2025-09-18 09:43:23,40.15,30300,40.11,E
sh603301,振德医疗,2025-09-18 09:43:26,40.09,5400,40.15,D
sh603301,振德医疗,2025-09-18 09:44:05,40.0,30900,40.11,D
sh603301,振德医疗,2025-09-18 09:44:08,39.99,6800,40.0,D
sh603301,振德医疗,2025-09-18 09:44:14,40.15,6000,40.11,U
sh603301,振德医疗,2025-09-18 09:44:17,40.17,6600,40.15,U
sh603301,振德医疗,2025-09-18 09:44:20,40.11,12000,40.17,D
sh603301,振德医疗,2025-09-18 09:44:32,40.15,7200,40.15,U
sh603301,振德医疗,2025-09-18 09:44:35,40.15,5200,40.15,D
sh603301,振德医疗,2025-09-18 09:44:50,40.1,9600,40.11,D
sh603301,振德医疗,2025-09-18 09:45:20,40.0,8000,39.88,U
sh603301,振德医疗,2025-09-18 09:45:35,40.0,9200,39.9,U
sh603301,振德医疗,2025-09-18 09:45:53,39.97,7500,39.97,U
sh603301,振德医疗,2025-09-18 09:46:08,40.02,13000,40.01,E
sh603301,振德医疗,2025-09-18 09:46:35,40.17,37800,40.13,U
sh603301,振德医疗,2025-09-18 09:46:38,40.16,20300,40.17,D
sh603301,振德医疗,2025-09-18 09:46:44,40.17,9600,40.17,D
sh603301,振德医疗,2025-09-18 09:46:47,40.19,11900,40.17,U
sh603301,振德医疗,2025-09-18 09:46:56,40.21,13000,40.2,U
sh603301,振德医疗,2025-09-18 09:47:05,40.26,8100,40.22,U
sh603301,振德医疗,2025-09-18 09:47:17,40.28,19900,40.28,U
sh603301,振德医疗,2025-09-18 09:47:23,40.25,5300,40.27,D
sh603301,振德医疗,2025-09-18 09:47:26,40.24,16300,40.25,D
sh603301,振德医疗,2025-09-18 09:47:29,40.25,6100,40.24,U
sh603301,振德医疗,2025-09-18 09:47:32,40.24,7600,40.25,U
sh603301,振德医疗,2025-09-18 09:47:38,40.25,7000,40.28,D
sh603301,振德医疗,2025-09-18 09:47:44,40.31,26000,40.3,U
sh603301,振德医疗,2025-09-18 09:47:47,40.34,8100,40.31,U
sh603301,振德医疗,2025-09-18 09:47:59,40.4,9600,40.39,U
sh603301,振德医疗,2025-09-18 09:48:02,40.44,6200,40.4,U
sh603301,振德医疗,2025-09-18 09:48:08,40.44,49800,40.47,D
sh603301,振德医疗,2025-09-18 09:48:11,40.42,37100,40.44,U
sh603301,振德医疗,2025-09-18 09:48:14,40.42,11300,40.42,U
sh603301,振德医疗,2025-09-18 09:48:17,40.44,9300,40.42,E
sh603301,振德医疗,2025-09-18 09:48:20,40.44,6000,40.44,U
sh603301,振德医疗,2025-09-18 09:48:23,40.44,13500,40.44,U
sh603301,振德医疗,2025-09-18 09:48:26,40.47,8000,40.44,U
sh603301,振德医疗,2025-09-18 09:48:29,40.45,5900,40.47,D
sh603301,振德医疗,2025-09-18 09:48:32,40.48,6700,40.45,U
sh603301,振德医疗,2025-09-18 09:48:38,40.53,26373,40.49,U
sh603301,振德医疗,2025-09-18 09:48:53,40.68,23800,40.66,U
sh603301,振德医疗,2025-09-18 09:48:56,40.69,29600,40.68,U
sh603301,振德医疗,2025-09-18 09:48:59,40.65,37500,40.69,D
sh603301,振德医疗,2025-09-18 09:49:02,40.65,18000,40.65,U
sh603301,振德医疗,2025-09-18 09:49:05,40.58,11800,40.65,D
sh603301,振德医疗,2025-09-18 09:49:08,40.58,18800,40.58,D
sh603301,振德医疗,2025-09-18 09:49:11,40.57,5800,40.58,U
sh603301,振德医疗,2025-09-18 09:49:17,40.45,10700,40.5,D
sh603301,振德医疗,2025-09-18 09:49:20,40.49,9400,40.45,U
sh603301,振德医疗,2025-09-18 09:49:26,40.42,8700,40.42,U
sh603301,振德医疗,2025-09-18 09:49:35,40.5,14400,40.55,U
sh603301,振德医疗,2025-09-18 09:49:53,40.7,6200,40.66,U
sh603301,振德医疗,2025-09-18 09:50:08,40.85,9000,40.8,U
sh603301,振德医疗,2025-09-18 09:50:17,40.89,13000,40.89,U
sh603301,振德医疗,2025-09-18 09:50:20,40.84,50300,40.89,D
sh603301,振德医疗,2025-09-18 09:50:23,40.8,16800,40.84,D
sh603301,振德医疗,2025-09-18 09:50:26,40.79,10200,40.8,D
sh603301,振德医疗,2025-09-18 09:50:29,40.78,47200,40.79,D
sh603301,振德医疗,2025-09-18 09:50:32,40.79,6300,40.78,U
sh603301,振德医疗,2025-09-18 09:50:35,40.78,9500,40.79,E
sh603301,振德医疗,2025-09-18 09:50:38,40.8,10600,40.78,U
sh603301,振德医疗,2025-09-18 09:50:41,40.79,12700,40.8,U
sh603301,振德医疗,2025-09-18 09:50:44,40.79,6500,40.79,U
sh603301,振德医疗,2025-09-18 09:50:47,40.8,5100,40.79,U
sh603301,振德医疗,2025-09-18 09:50:53,40.84,8300,40.8,U
sh603301,振德医疗,2025-09-18 09:50:56,40.84,7300,40.84,U
sh603301,振德医疗,2025-09-18 09:51:02,40.85,11100,40.85,U
sh603301,振德医疗,2025-09-18 09:51:05,40.85,6300,40.85,D
sh603301,振德医疗,2025-09-18 09:51:08,40.78,22200,40.85,D
sh603301,振德医疗,2025-09-18 09:51:11,40.77,16600,40.78,E
sh603301,振德医疗,2025-09-18 09:51:20,40.66,6900,40.7,D
sh603301,振德医疗,2025-09-18 09:51:23,40.65,12000,40.66,D
sh603301,振德医疗,2025-09-18 09:51:26,40.68,5500,40.65,U
sh603301,振德医疗,2025-09-18 09:51:38,40.68,6400,40.65,U
sh603301,振德医疗,2025-09-18 09:51:47,40.65,5800,40.66,D
sh603301,振德医疗,2025-09-18 09:51:56,40.6,18400,40.61,D
sh603301,振德医疗,2025-09-18 09:52:02,40.6,5700,40.61,D
sh603301,振德医疗,2025-09-18 09:52:14,40.59,10900,40.53,U
sh603301,振德医疗,2025-09-18 09:52:17,40.53,6800,40.59,D
sh603301,振德医疗,2025-09-18 09:52:20,40.59,5000,40.53,U
sh603301,振德医疗,2025-09-18 09:52:35,40.5,14400,40.52,D
sh603301,振德医疗,2025-09-18 09:52:47,40.44,7300,40.42,U
sh603301,振德医疗,2025-09-18 09:52:53,40.3,7700,40.41,D
sh603301,振德医疗,2025-09-18 09:53:08,40.22,9200,40.24,D
sh603301,振德医疗,2025-09-18 09:53:20,40.13,7700,40.19,D
sh603301,振德医疗,2025-09-18 09:53:23,40.11,12400,40.13,D
sh603301,振德医疗,2025-09-18 09:53:35,40.11,9900,40.05,U
sh603301,振德医疗,2025-09-18 09:53:38,40.13,6400,40.11,D
sh603301,振德医疗,2025-09-18 09:53:50,40.11,5900,40.1,U
sh603301,振德医疗,2025-09-18 09:53:59,40.15,12200,40.18,E
sh603301,振德医疗,2025-09-18 09:54:02,40.14,8500,40.15,D
sh603301,振德医疗,2025-09-18 09:54:05,40.16,15500,40.14,E
sh603301,振德医疗,2025-09-18 09:54:14,40.16,5900,40.15,U
sh603301,振德医疗,2025-09-18 09:54:17,40.2,8000,40.16,U
sh603301,振德医疗,2025-09-18 09:54:26,40.22,5500,40.21,U
sh603301,振德医疗,2025-09-18 09:54:29,40.24,5200,40.22,U
sh603301,振德医疗,2025-09-18 09:54:50,40.35,5000,40.37,D
sh603301,振德医疗,2025-09-18 09:54:53,40.31,7900,40.35,D
sh603301,振德医疗,2025-09-18 09:54:56,40.4,20100,40.31,U
sh603301,振德医疗,2025-09-18 09:54:59,40.38,8100,40.4,D
sh603301,振德医疗,2025-09-18 09:55:08,40.29,6600,40.31,D
sh603301,振德医疗,2025-09-18 09:55:14,40.24,9500,40.24,D
sh603301,振德医疗,2025-09-18 09:55:17,40.24,9400,40.24,D
sh603301,振德医疗,2025-09-18 09:55:20,40.24,8500,40.24,D
sh603301,振德医疗,2025-09-18 09:55:23,40.27,5900,40.24,D
sh603301,振德医疗,2025-09-18 09:55:26,40.27,22700,40.27,D
sh603301,振德医疗,2025-09-18 09:55:41,40.35,5400,40.35,D
sh603301,振德医疗,2025-09-18 09:56:08,40.4,6500,40.4,D
sh603301,振德医疗,2025-09-18 09:56:32,40.37,16400,40.36,U
sh603301,振德医疗,2025-09-18 09:57:38,40.3,7000,40.31,D
sh603301,振德医疗,2025-09-18 09:57:47,40.4,42100,40.28,U
sh603301,振德医疗,2025-09-18 09:57:53,40.32,6000,40.39,D
sh603301,振德医疗,2025-09-18 09:58:14,40.38,8400,40.35,U
sh603301,振德医疗,2025-09-18 09:58:23,40.34,5200,40.4,D
sh603301,振德医疗,2025-09-18 09:58:26,40.4,7900,40.34,U
sh603301,振德医疗,2025-09-18 09:58:35,40.45,6700,40.42,D
sh603301,振德医疗,2025-09-18 10:00:20,40.37,5700,40.37,U
sh603301,振德医疗,2025-09-18 10:00:23,40.45,12400,40.37,U
sh603301,振德医疗,2025-09-18 10:00:26,40.45,5400,40.45,U
sh603301,振德医疗,2025-09-18 10:00:29,40.49,5700,40.45,U
sh603301,振德医疗,2025-09-18 10:02:14,40.27,6400,40.24,U
sh603301,振德医疗,2025-09-18 10:02:32,40.43,37700,40.28,U
sh603301,振德医疗,2025-09-18 10:03:11,40.39,9900,40.39,U
sh603301,振德医疗,2025-09-18 10:03:29,40.34,18600,40.36,D
sh603301,振德医疗,2025-09-18 10:03:35,40.34,5100,40.33,U
sh603301,振德医疗,2025-09-18 10:04:02,40.34,5400,40.34,U
sh603301,振德医疗,2025-09-18 10:04:05,40.33,5900,40.34,D
sh603301,振德医疗,2025-09-18 10:04:17,40.25,30900,40.33,D
sh603301,振德医疗,2025-09-18 10:04:29,40.31,28100,40.28,E
sh603301,振德医疗,2025-09-18 10:04:38,40.29,5300,40.44,D
sh603301,振德医疗,2025-09-18 10:06:20,40.31,14800,40.3,E
sh603301,振德医疗,2025-09-18 10:06:47,40.33,6300,40.32,U
sh603301,振德医疗,2025-09-18 10:07:32,40.33,30200,40.4,D
sh603301,振德医疗,2025-09-18 10:07:41,40.32,112600,40.36,D
sh603301,振德医疗,2025-09-18 10:08:08,40.2,36800,40.25,D
sh603301,振德医疗,2025-09-18 10:08:11,40.15,8200,40.2,D
sh603301,振德医疗,2025-09-18 10:08:17,40.11,6500,40.11,D
sh603301,振德医疗,2025-09-18 10:08:32,40.04,8200,40.09,D
sh603301,振德医疗,2025-09-18 10:08:35,39.9,27600,40.04,D
sh603301,振德医疗,2025-09-18 10:08:47,39.9,37500,39.92,D
sh603301,振德医疗,2025-09-18 10:08:59,39.84,41600,39.88,D
sh603301,振德医疗,2025-09-18 10:09:02,39.84,11700,39.84,U
sh603301,振德医疗,2025-09-18 10:09:05,39.79,18300,39.84,D
sh603301,振德医疗,2025-09-18 10:09:47,39.98,6000,39.83,U
sh603301,振德医疗,2025-09-18 10:09:50,40.0,9700,39.98,U
sh603301,振德医疗,2025-09-18 10:09:53,40.0,9672,40.0,E
sh603301,振德医疗,2025-09-18 10:10:05,40.02,5400,40.02,E
sh603301,振德医疗,2025-09-18 10:10:17,40.0,6600,40.02,D
sh603301,振德医疗,2025-09-18 10:10:32,40.2,8200,40.15,U
sh603301,振德医疗,2025-09-18 10:12:11,40.15,6700,40.15,U
sh603301,振德医疗,2025-09-18 10:12:20,40.18,5000,40.14,U
sh603301,振德医疗,2025-09-18 10:12:41,40.29,39100,40.17,U
sh603301,振德医疗,2025-09-18 10:12:44,40.25,6900,40.29,D
sh603301,振德医疗,2025-09-18 10:13:26,40.34,5100,40.37,D
sh603301,振德医疗,2025-09-18 10:13:41,40.57,54300,40.37,U
sh603301,振德医疗,2025-09-18 10:13:50,40.63,14600,40.58,U
sh603301,振德医疗,2025-09-18 10:13:56,40.64,16000,40.63,U
sh603301,振德医疗,2025-09-18 10:14:05,40.77,8800,40.69,U
sh603301,振德医疗,2025-09-18 10:14:08,40.77,5600,40.77,U
sh603301,振德医疗,2025-09-18 10:14:14,40.79,10500,40.78,U
sh603301,振德医疗,2025-09-18 10:14:17,40.8,137200,40.79,U
sh603301,振德医疗,2025-09-18 10:14:23,40.86,13200,40.82,U
sh603301,振德医疗,2025-09-18 10:14:26,40.88,11200,40.86,U
sh603301,振德医疗,2025-09-18 10:14:29,40.92,27760,40.88,U
sh603301,振德医疗,2025-09-18 10:14:35,40.98,8300,40.95,U
sh603301,振德医疗,2025-09-18 10:14:38,40.99,89500,40.98,U
sh603301,振德医疗,2025-09-18 10:14:41,40.99,5400,40.99,U
sh603301,振德医疗,2025-09-18 10:14:44,40.97,12900,40.99,D
sh603301,振德医疗,2025-09-18 10:14:47,41.0,5500,40.97,U
sh603301,振德医疗,2025-09-18 10:14:50,40.97,18700,41.0,D
sh603301,振德医疗,2025-09-18 10:14:53,40.89,5600,40.97,E
sh603301,振德医疗,2025-09-18 10:15:02,40.85,8300,40.97,D
sh603301,振德医疗,2025-09-18 10:15:08,40.83,30900,40.95,E
sh603301,振德医疗,2025-09-18 10:15:56,40.79,16100,40.79,D
sh603301,振德医疗,2025-09-18 10:15:59,40.66,10400,40.79,D
sh603301,振德医疗,2025-09-18 10:16:32,40.73,15900,40.73,U
sh603301,振德医疗,2025-09-18 10:16:47,40.78,29500,40.77,U
sh603301,振德医疗,2025-09-18 10:16:56,40.84,5100,40.81,U
sh603301,振德医疗,2025-09-18 10:16:59,40.86,28500,40.84,U
sh603301,振德医疗,2025-09-18 10:17:05,40.89,7000,40.87,U
sh603301,振德医疗,2025-09-18 10:17:23,40.89,7100,40.91,D
sh603301,振德医疗,2025-09-18 10:17:35,40.86,11400,40.88,D
sh603301,振德医疗,2025-09-18 10:18:23,40.71,22700,40.76,D
sh603301,振德医疗,2025-09-18 10:19:05,40.71,5600,40.69,U
sh603301,振德医疗,2025-09-18 10:19:26,40.64,8000,40.65,D
sh603301,振德医疗,2025-09-18 10:19:50,40.6,12000,40.63,D
sh603301,振德医疗,2025-09-18 10:20:02,40.6,30700,40.6,D
sh603301,振德医疗,2025-09-18 10:20:14,40.5,18700,40.6,D
sh603301,振德医疗,2025-09-18 10:20:17,40.57,6500,40.5,U
sh603301,振德医疗,2025-09-18 10:20:35,40.6,14400,40.69,D
sh603301,振德医疗,2025-09-18 10:20:56,40.65,8700,40.64,U
sh603301,振德医疗,2025-09-18 10:21:35,40.88,9500,40.8,U
sh603301,振德医疗,2025-09-18 10:22:20,40.77,10200,40.76,U
sh603301,振德医疗,2025-09-18 10:22:41,40.77,8100,40.77,U
sh603301,振德医疗,2025-09-18 10:24:20,40.77,16900,40.74,U
sh603301,振德医疗,2025-09-18 10:24:44,40.85,11700,40.83,U
sh603301,振德医疗,2025-09-18 10:24:47,40.86,10300,40.85,U
sh603301,振德医疗,2025-09-18 10:24:53,40.87,7900,40.88,D
sh603301,振德医疗,2025-09-18 10:25:11,40.74,11800,40.85,D
sh603301,振德医疗,2025-09-18 10:25:14,40.82,7000,40.74,U
sh603301,振德医疗,2025-09-18 10:26:50,40.77,5000,40.79,D
sh603301,振德医疗,2025-09-18 10:27:29,40.68,8800,40.68,U
sh603301,振德医疗,2025-09-18 10:28:41,40.68,7300,40.69,D
sh603301,振德医疗,2025-09-18 10:29:26,40.68,10700,40.67,U
sh603301,振德医疗,2025-09-18 10:30:20,40.62,5500,40.58,U
sh603301,振德医疗,2025-09-18 10:30:29,40.6,5200,40.63,D
sh603301,振德医疗,2025-09-18 10:32:05,40.56,5600,40.58,D
sh603301,振德医疗,2025-09-18 10:33:50,40.43,5400,40.44,D
sh603301,振德医疗,2025-09-18 10:33:56,40.44,7700,40.43,U
sh603301,振德医疗,2025-09-18 10:33:59,40.47,7100,40.44,U
sh603301,振德医疗,2025-09-18 10:37:59,40.34,36300,40.36,D
sh603301,振德医疗,2025-09-18 10:38:05,40.28,10300,40.35,D
sh603301,振德医疗,2025-09-18 10:39:17,40.33,7300,40.33,D
sh603301,振德医疗,2025-09-18 10:39:26,40.35,5200,40.34,U
sh603301,振德医疗,2025-09-18 10:40:14,40.4,7200,40.39,U
sh603301,振德医疗,2025-09-18 10:40:50,40.43,11000,40.46,D
sh603301,振德医疗,2025-09-18 10:42:20,40.43,6200,40.42,U
sh603301,振德医疗,2025-09-18 10:45:08,40.38,5700,40.38,D
sh603301,振德医疗,2025-09-18 10:46:47,40.35,5600,40.36,D
sh603301,振德医疗,2025-09-18 10:47:05,40.39,9800,40.32,U
sh603301,振德医疗,2025-09-18 10:49:29,40.32,6600,40.34,D
sh603301,振德医疗,2025-09-18 10:50:20,40.42,14300,40.42,D
sh603301,振德医疗,2025-09-18 10:50:35,40.45,10700,40.47,D
sh603301,振德医疗,2025-09-18 10:51:23,40.5,5300,40.5,U
sh603301,振德医疗,2025-09-18 10:52:02,40.37,26800,40.47,D
sh603301,振德医疗,2025-09-18 10:52:11,40.37,10300,40.37,D
sh603301,振德医疗,2025-09-18 10:52:47,40.35,5300,40.35,E
sh603301,振德医疗,2025-09-18 10:53:59,40.36,5900,40.36,U
sh603301,振德医疗,2025-09-18 10:54:20,40.36,5000,40.35,U
sh603301,振德医疗,2025-09-18 10:54:50,40.34,5100,40.36,D
sh603301,振德医疗,2025-09-18 10:55:02,40.34,5500,40.34,U
sh603301,振德医疗,2025-09-18 10:55:26,40.27,18100,40.29,D
sh603301,振德医疗,2025-09-18 10:55:32,40.33,12200,40.27,U
sh603301,振德医疗,2025-09-18 10:56:56,40.38,5500,40.39,D
sh603301,振德医疗,2025-09-18 10:59:44,40.65,5000,40.6,U
sh603301,振德医疗,2025-09-18 11:00:50,40.8,8360,40.8,U
sh603301,振德医疗,2025-09-18 11:00:56,40.79,25700,40.76,E
sh603301,振德医疗,2025-09-18 11:01:29,40.76,5900,40.75,U
sh603301,振德医疗,2025-09-18 11:02:41,40.68,6300,40.61,U
sh603301,振德医疗,2025-09-18 11:03:02,40.67,17300,40.69,D
sh603301,振德医疗,2025-09-18 11:03:14,40.7,6500,40.7,U
sh603301,振德医疗,2025-09-18 11:03:17,40.69,5500,40.7,D
sh603301,振德医疗,2025-09-18 11:03:44,40.69,12600,40.72,D
sh603301,振德医疗,2025-09-18 11:04:14,40.67,8700,40.7,D
sh603301,振德医疗,2025-09-18 11:05:41,40.57,13200,40.6,D
sh603301,振德医疗,2025-09-18 11:07:44,40.46,26900,40.51,D
sh603301,振德医疗,2025-09-18 11:07:53,40.41,10700,40.46,D
sh603301,振德医疗,2025-09-18 11:09:02,40.42,5300,40.45,D
sh603301,振德医疗,2025-09-18 11:09:26,40.38,7300,40.41,D
sh603301,振德医疗,2025-09-18 11:11:23,40.34,5400,40.36,D
sh603301,振德医疗,2025-09-18 11:12:08,40.36,5000,40.34,U
sh603301,振德医疗,2025-09-18 11:13:38,40.28,5700,40.28,D
sh603301,振德医疗,2025-09-18 11:13:53,40.27,5100,40.25,U
sh603301,振德医疗,2025-09-18 11:14:38,40.25,9600,40.22,U
sh603301,振德医疗,2025-09-18 11:14:59,40.2,5600,40.22,D
sh603301,振德医疗,2025-09-18 11:15:56,40.15,6200,40.18,D
sh603301,振德医疗,2025-09-18 11:16:02,40.21,5600,40.18,U
sh603301,振德医疗,2025-09-18 11:16:38,40.15,8900,40.16,D
sh603301,振德医疗,2025-09-18 11:16:41,40.14,6900,40.15,D
sh603301,振德医疗,2025-09-18 11:16:53,40.08,8300,40.08,D
sh603301,振德医疗,2025-09-18 11:16:56,40.01,11200,40.08,D
sh603301,振德医疗,2025-09-18 11:17:05,40.0,22700,40.0,D
sh603301,振德医疗,2025-09-18 11:17:08,40.0,8000,40.0,D
sh603301,振德医疗,2025-09-18 11:17:23,39.98,6100,39.97,U
sh603301,振德医疗,2025-09-18 11:17:26,39.97,8700,39.98,D
sh603301,振德医疗,2025-09-18 11:17:50,39.93,9300,39.93,D
sh603301,振德医疗,2025-09-18 11:19:14,40.03,6600,40.04,D
sh603301,振德医疗,2025-09-18 11:19:56,40.03,7200,40.08,D
sh603301,振德医疗,2025-09-18 11:20:14,40.09,6900,40.09,U
sh603301,振德医疗,2025-09-18 11:20:50,40.24,35900,40.15,U
sh603301,振德医疗,2025-09-18 11:21:35,40.3,5100,40.29,U
sh603301,振德医疗,2025-09-18 11:21:44,40.32,10000,40.3,U
sh603301,振德医疗,2025-09-18 11:22:05,40.53,11900,40.45,U
sh603301,振德医疗,2025-09-18 11:22:29,40.59,12900,40.53,U
sh603301,振德医疗,2025-09-18 11:22:35,40.53,22300,40.5,U
sh603301,振德医疗,2025-09-18 11:22:47,40.45,13300,40.52,D
sh603301,振德医疗,2025-09-18 11:22:50,40.53,11100,40.45,U
sh603301,振德医疗,2025-09-18 11:23:05,40.53,13400,40.47,U
sh603301,振德医疗,2025-09-18 11:23:08,40.45,9800,40.53,D
sh603301,振德医疗,2025-09-18 11:23:29,40.55,9900,40.45,U
sh603301,振德医疗,2025-09-18 11:23:38,40.53,8900,40.55,U
sh603301,振德医疗,2025-09-18 11:24:20,40.6,5600,40.58,U
sh603301,振德医疗,2025-09-18 11:24:26,40.64,5200,40.6,U
sh603301,振德医疗,2025-09-18 11:24:29,40.66,6500,40.64,U
sh603301,振德医疗,2025-09-18 11:24:50,40.64,9900,40.64,D
sh603301,振德医疗,2025-09-18 11:24:56,40.59,8000,40.64,D
sh603301,振德医疗,2025-09-18 11:24:59,40.58,8100,40.59,D
sh603301,振德医疗,2025-09-18 11:25:05,40.56,5900,40.56,D
sh603301,振德医疗,2025-09-18 11:25:11,40.55,9400,40.56,U
sh603301,振德医疗,2025-09-18 11:25:23,40.47,5600,40.55,E
sh603301,振德医疗,2025-09-18 13:00:17,40.41,15900,40.42,E
sh603301,振德医疗,2025-09-18 13:01:32,40.31,5000,40.35,D
sh603301,振德医疗,2025-09-18 13:03:08,40.35,13400,40.35,D
sh603301,振德医疗,2025-09-18 13:03:23,40.46,11200,40.42,U
sh603301,振德医疗,2025-09-18 13:05:35,40.45,6100,40.41,U
sh603301,振德医疗,2025-09-18 13:06:11,40.47,16700,40.47,U
sh603301,振德医疗,2025-09-18 13:06:17,40.51,8000,40.46,U
sh603301,振德医疗,2025-09-18 13:07:02,40.45,5000,40.49,D
sh603301,振德医疗,2025-09-18 13:11:14,40.49,9000,40.5,D
sh603301,振德医疗,2025-09-18 13:13:11,40.51,5900,40.5,U
sh603301,振德医疗,2025-09-18 13:14:02,40.44,10300,40.51,D
sh603301,振德医疗,2025-09-18 13:14:08,40.44,8400,40.44,D
sh603301,振德医疗,2025-09-18 13:14:11,40.54,9600,40.44,U
sh603301,振德医疗,2025-09-18 13:15:11,40.61,16000,40.56,U
sh603301,振德医疗,2025-09-18 13:16:05,40.64,6500,40.64,D
sh603301,振德医疗,2025-09-18 13:16:26,40.68,5500,40.69,E
sh603301,振德医疗,2025-09-18 13:16:32,40.7,11500,40.69,U
sh603301,振德医疗,2025-09-18 13:16:47,40.65,10100,40.69,D
sh603301,振德医疗,2025-09-18 13:16:50,40.65,6100,40.65,D
sh603301,振德医疗,2025-09-18 13:17:05,40.67,7700,40.67,D
sh603301,振德医疗,2025-09-18 13:17:56,40.75,49800,40.68,U
sh603301,振德医疗,2025-09-18 13:18:56,40.73,8300,40.65,U
sh603301,振德医疗,2025-09-18 13:19:05,40.77,7700,40.75,U
sh603301,振德医疗,2025-09-18 13:20:08,40.6,10100,40.66,E
sh603301,振德医疗,2025-09-18 13:20:53,40.6,5800,40.58,U
sh603301,振德医疗,2025-09-18 13:21:14,40.51,8600,40.51,D
sh603301,振德医疗,2025-09-18 13:22:08,40.44,7500,40.44,U
sh603301,振德医疗,2025-09-18 13:22:29,40.4,14100,40.43,D
sh603301,振德医疗,2025-09-18 13:22:38,40.35,10400,40.4,D
sh603301,振德医疗,2025-09-18 13:23:53,40.37,8500,40.37,D
sh603301,振德医疗,2025-09-18 13:24:02,40.36,13500,40.36,D
sh603301,振德医疗,2025-09-18 13:25:35,40.34,7500,40.35,D
sh603301,振德医疗,2025-09-18 13:26:17,40.34,15400,40.35,D
sh603301,振德医疗,2025-09-18 13:26:26,40.42,14900,40.42,U
sh603301,振德医疗,2025-09-18 13:28:29,40.37,5500,40.36,U
sh603301,振德医疗,2025-09-18 13:30:14,40.4,5800,40.39,U
sh603301,振德医疗,2025-09-18 13:30:20,40.45,5800,40.42,U
sh603301,振德医疗,2025-09-18 13:31:50,40.56,5700,40.56,U
sh603301,振德医疗,2025-09-18 13:36:41,40.55,6000,40.54,U
sh603301,振德医疗,2025-09-18 13:37:23,40.6,6200,40.63,D
sh603301,振德医疗,2025-09-18 13:37:29,40.55,16600,40.6,D
sh603301,振德医疗,2025-09-18 13:37:38,40.5,5500,40.51,U
sh603301,振德医疗,2025-09-18 13:37:41,40.48,12900,40.5,D
sh603301,振德医疗,2025-09-18 13:38:05,40.52,5900,40.47,U
sh603301,振德医疗,2025-09-18 13:38:47,40.38,8400,40.39,D
sh603301,振德医疗,2025-09-18 13:38:59,40.37,14300,40.38,D
sh603301,振德医疗,2025-09-18 13:39:02,40.35,98800,40.37,D
sh603301,振德医疗,2025-09-18 13:39:05,40.35,41900,40.35,D
sh603301,振德医疗,2025-09-18 13:39:08,40.33,86400,40.35,D
sh603301,振德医疗,2025-09-18 13:39:20,40.15,36700,40.27,D
sh603301,振德医疗,2025-09-18 13:39:29,40.14,5300,40.21,D
sh603301,振德医疗,2025-09-18 13:40:41,40.2,6100,40.22,D
sh603301,振德医疗,2025-09-18 13:43:11,40.17,6600,40.23,D
sh603301,振德医疗,2025-09-18 13:43:26,40.15,24500,40.17,D
sh603301,振德医疗,2025-09-18 13:44:35,40.26,5200,40.26,U
sh603301,振德医疗,2025-09-18 13:45:32,40.18,10800,40.18,D
sh603301,振德医疗,2025-09-18 13:46:11,40.19,12600,40.17,U
sh603301,振德医疗,2025-09-18 13:46:53,40.2,10500,40.19,U
sh603301,振德医疗,2025-09-18 13:48:56,40.31,11200,40.32,D
sh603301,振德医疗,2025-09-18 13:50:05,40.36,7700,40.37,E
sh603301,振德医疗,2025-09-18 13:50:53,40.27,7100,40.3,D
sh603301,振德医疗,2025-09-18 13:51:20,40.28,7000,40.27,U
sh603301,振德医疗,2025-09-18 13:51:26,40.28,9900,40.27,U
sh603301,振德医疗,2025-09-18 13:51:38,40.28,5100,40.28,U
sh603301,振德医疗,2025-09-18 13:51:41,40.2,25400,40.28,D
sh603301,振德医疗,2025-09-18 13:51:44,40.29,18000,40.2,U
sh603301,振德医疗,2025-09-18 13:52:23,40.27,38000,40.28,D
sh603301,振德医疗,2025-09-18 13:53:11,40.22,5200,40.22,D
sh603301,振德医疗,2025-09-18 13:53:29,40.24,5200,40.23,U
sh603301,振德医疗,2025-09-18 13:54:35,40.23,15900,40.25,D
sh603301,振德医疗,2025-09-18 13:55:44,40.23,9800,40.22,U
sh603301,振德医疗,2025-09-18 13:56:44,40.29,6900,40.29,U
sh603301,振德医疗,2025-09-18 13:59:08,40.19,9600,40.19,D
sh603301,振德医疗,2025-09-18 13:59:11,40.18,6000,40.19,D
sh603301,振德医疗,2025-09-18 13:59:20,40.16,7000,40.16,D
sh603301,振德医疗,2025-09-18 13:59:32,40.15,7700,40.15,D
sh603301,振德医疗,2025-09-18 13:59:50,40.15,9600,40.17,D
sh603301,振德医疗,2025-09-18 14:00:14,40.12,5000,40.13,D
sh603301,振德医疗,2025-09-18 14:00:29,40.08,26000,40.12,D
sh603301,振德医疗,2025-09-18 14:00:41,40.04,9500,40.05,D
sh603301,振德医疗,2025-09-18 14:00:47,40.05,8800,40.05,U
sh603301,振德医疗,2025-09-18 14:00:50,40.03,8700,40.05,D
sh603301,振德医疗,2025-09-18 14:01:08,40.03,9200,40.05,D
sh603301,振德医疗,2025-09-18 14:01:14,40.01,40890,40.04,D
sh603301,振德医疗,2025-09-18 14:01:26,39.96,22200,40.01,D
sh603301,振德医疗,2025-09-18 14:01:35,39.93,20800,39.95,D
sh603301,振德医疗,2025-09-18 14:01:38,39.88,29100,39.93,D
sh603301,振德医疗,2025-09-18 14:01:41,39.96,9000,39.88,U
sh603301,振德医疗,2025-09-18 14:01:44,39.95,8700,39.96,D
sh603301,振德医疗,2025-09-18 14:01:59,39.88,20200,39.89,D
sh603301,振德医疗,2025-09-18 14:02:14,39.88,16400,39.88,U
sh603301,振德医疗,2025-09-18 14:02:17,39.88,15900,39.88,U
sh603301,振德医疗,2025-09-18 14:02:23,39.86,8400,39.87,D
sh603301,振德医疗,2025-09-18 14:02:26,39.89,16300,39.86,U
sh603301,振德医疗,2025-09-18 14:02:29,39.9,17300,39.89,U
sh603301,振德医疗,2025-09-18 14:02:56,39.95,10500,39.9,U
sh603301,振德医疗,2025-09-18 14:03:08,39.95,5600,39.92,U
sh603301,振德医疗,2025-09-18 14:03:35,39.94,12800,39.98,D
sh603301,振德医疗,2025-09-18 14:03:47,39.9,22400,39.94,D
sh603301,振德医疗,2025-09-18 14:04:05,39.9,10800,39.88,U
sh603301,振德医疗,2025-09-18 14:04:17,39.87,11700,39.87,D
sh603301,振德医疗,2025-09-18 14:04:20,39.87,6900,39.87,D
sh603301,振德医疗,2025-09-18 14:04:26,39.86,26660,39.88,D
sh603301,振德医疗,2025-09-18 14:04:35,39.87,92700,39.87,D
sh603301,振德医疗,2025-09-18 14:04:38,39.87,7300,39.87,D
sh603301,振德医疗,2025-09-18 14:04:53,39.82,8900,39.84,D
sh603301,振德医疗,2025-09-18 14:04:56,39.8,9300,39.82,D
sh603301,振德医疗,2025-09-18 14:04:59,39.79,7700,39.8,D
sh603301,振德医疗,2025-09-18 14:05:05,39.78,20000,39.78,D
sh603301,振德医疗,2025-09-18 14:05:11,39.72,5200,39.75,D
sh603301,振德医疗,2025-09-18 14:05:23,39.7,8600,39.73,D
sh603301,振德医疗,2025-09-18 14:05:32,39.66,7700,39.65,D
sh603301,振德医疗,2025-09-18 14:05:35,39.66,7800,39.66,U
sh603301,振德医疗,2025-09-18 14:05:38,39.6,23600,39.66,D
sh603301,振德医疗,2025-09-18 14:05:41,39.65,11600,39.6,E
sh603301,振德医疗,2025-09-18 14:05:44,39.61,8100,39.65,D
sh603301,振德医疗,2025-09-18 14:05:47,39.73,38900,39.61,U
sh603301,振德医疗,2025-09-18 14:05:50,39.76,15900,39.73,U
sh603301,振德医疗,2025-09-18 14:05:53,39.72,9800,39.76,D
sh603301,振德医疗,2025-09-18 14:06:02,39.81,12700,39.8,U
sh603301,振德医疗,2025-09-18 14:06:11,39.81,10900,39.82,D
sh603301,振德医疗,2025-09-18 14:06:14,39.87,15860,39.81,U
sh603301,振德医疗,2025-09-18 14:06:17,39.88,5840,39.87,D
sh603301,振德医疗,2025-09-18 14:06:32,39.83,20800,39.83,D
sh603301,振德医疗,2025-09-18 14:06:41,39.82,7100,39.86,D
sh603301,振德医疗,2025-09-18 14:06:56,39.97,17800,39.97,D
sh603301,振德医疗,2025-09-18 14:06:59,40.0,6300,39.97,U
sh603301,振德医疗,2025-09-18 14:07:11,40.02,11900,40.02,D
sh603301,振德医疗,2025-09-18 14:07:17,40.02,18800,40.0,U
sh603301,振德医疗,2025-09-18 14:07:26,40.0,10000,39.97,U
sh603301,振德医疗,2025-09-18 14:07:29,40.0,18500,40.0,U
sh603301,振德医疗,2025-09-18 14:07:44,40.01,10600,39.9,U
sh603301,振德医疗,2025-09-18 14:07:47,40.0,7900,40.01,U
sh603301,振德医疗,2025-09-18 14:07:50,39.85,11000,40.0,D
sh603301,振德医疗,2025-09-18 14:07:59,39.91,10300,39.91,D
sh603301,振德医疗,2025-09-18 14:08:44,39.91,9500,39.9,U
sh603301,振德医疗,2025-09-18 14:09:38,39.94,6100,39.94,D
sh603301,振德医疗,2025-09-18 14:10:23,39.94,6900,39.93,U
sh603301,振德医疗,2025-09-18 14:10:26,39.97,8300,39.94,U
sh603301,振德医疗,2025-09-18 14:10:47,39.97,5200,39.93,U
sh603301,振德医疗,2025-09-18 14:11:02,39.94,5500,39.98,D
sh603301,振德医疗,2025-09-18 14:11:20,39.91,12300,39.97,D
sh603301,振德医疗,2025-09-18 14:11:26,39.84,12900,39.88,D
sh603301,振德医疗,2025-09-18 14:11:41,39.84,11000,39.83,U
sh603301,振德医疗,2025-09-18 14:12:38,39.83,65100,39.78,U
sh603301,振德医疗,2025-09-18 14:12:53,39.8,6710,39.8,U
sh603301,振德医疗,2025-09-18 14:12:56,39.8,7000,39.8,D
sh603301,振德医疗,2025-09-18 14:13:11,39.8,6100,39.8,D
sh603301,振德医疗,2025-09-18 14:13:17,39.8,6510,39.8,U
sh603301,振德医疗,2025-09-18 14:13:23,39.79,12200,39.84,D
sh603301,振德医疗,2025-09-18 14:13:29,39.78,15200,39.84,D
sh603301,振德医疗,2025-09-18 14:13:44,39.78,9000,39.78,U
sh603301,振德医疗,2025-09-18 14:13:56,39.78,22500,39.76,U
sh603301,振德医疗,2025-09-18 14:14:05,39.78,17100,39.78,U
sh603301,振德医疗,2025-09-18 14:14:11,39.77,7600,39.77,U
sh603301,振德医疗,2025-09-18 14:14:14,39.79,16600,39.77,U
sh603301,振德医疗,2025-09-18 14:14:50,39.84,5100,39.83,U
sh603301,振德医疗,2025-09-18 14:15:02,39.86,5400,39.88,D
sh603301,振德医疗,2025-09-18 14:15:14,39.87,7900,39.88,U
sh603301,振德医疗,2025-09-18 14:15:32,39.88,5100,39.89,D
sh603301,振德医疗,2025-09-18 14:15:38,39.87,5100,39.87,D
sh603301,振德医疗,2025-09-18 14:15:50,39.8,5900,39.87,D
sh603301,振德医疗,2025-09-18 14:16:02,39.85,5827,39.83,E
sh603301,振德医疗,2025-09-18 14:17:20,40.0,6900,39.98,U
sh603301,振德医疗,2025-09-18 14:17:23,40.02,10700,40.0,U
sh603301,振德医疗,2025-09-18 14:17:53,39.99,5600,40.0,U
sh603301,振德医疗,2025-09-18 14:19:02,39.97,13300,39.95,U
sh603301,振德医疗,2025-09-18 14:19:41,39.93,7800,39.92,D
sh603301,振德医疗,2025-09-18 14:19:56,39.9,7300,39.94,D
sh603301,振德医疗,2025-09-18 14:19:59,39.88,10900,39.9,D
sh603301,振德医疗,2025-09-18 14:20:29,39.82,9400,39.81,U
sh603301,振德医疗,2025-09-18 14:20:53,39.92,10200,39.86,U
sh603301,振德医疗,2025-09-18 14:21:41,39.89,6200,39.89,D
sh603301,振德医疗,2025-09-18 14:22:05,39.91,6400,39.9,U
sh603301,振德医疗,2025-09-18 14:22:44,39.95,8500,39.95,U
sh603301,振德医疗,2025-09-18 14:23:05,40.0,20700,39.98,U
sh603301,振德医疗,2025-09-18 14:23:56,39.98,6200,39.99,D
sh603301,振德医疗,2025-09-18 14:24:17,39.9,16100,39.98,D
sh603301,振德医疗,2025-09-18 14:24:44,39.89,6300,39.9,D
sh603301,振德医疗,2025-09-18 14:25:20,39.85,5500,39.84,U
sh603301,振德医疗,2025-09-18 14:26:11,39.88,10400,39.83,U
sh603301,振德医疗,2025-09-18 14:26:32,39.88,11500,39.88,D
sh603301,振德医疗,2025-09-18 14:27:20,39.71,9700,39.8,D
sh603301,振德医疗,2025-09-18 14:27:32,39.82,6400,39.76,U
sh603301,振德医疗,2025-09-18 14:27:56,39.77,8200,39.76,D
sh603301,振德医疗,2025-09-18 14:28:11,39.77,6000,39.72,U
sh603301,振德医疗,2025-09-18 14:30:32,39.9,6200,39.9,D
sh603301,振德医疗,2025-09-18 14:30:53,39.84,13700,39.9,D
sh603301,振德医疗,2025-09-18 14:31:02,39.89,10800,39.87,U
sh603301,振德医疗,2025-09-18 14:31:29,39.9,15400,39.89,U
sh603301,振德医疗,2025-09-18 14:31:56,39.89,5400,39.9,D
sh603301,振德医疗,2025-09-18 14:32:02,39.9,10600,39.9,U
sh603301,振德医疗,2025-09-18 14:32:05,39.89,7200,39.9,D
sh603301,振德医疗,2025-09-18 14:32:11,39.93,7900,39.9,U
sh603301,振德医疗,2025-09-18 14:33:17,39.97,9600,39.98,D
sh603301,振德医疗,2025-09-18 14:33:20,39.97,8800,39.97,U
sh603301,振德医疗,2025-09-18 14:33:29,39.96,8500,39.96,U
sh603301,振德医疗,2025-09-18 14:33:44,39.91,5500,39.9,U
sh603301,振德医疗,2025-09-18 14:34:17,40.0,6600,39.98,U
sh603301,振德医疗,2025-09-18 14:34:44,40.03,5100,39.98,U
sh603301,振德医疗,2025-09-18 14:34:53,40.03,6200,40.03,U
sh603301,振德医疗,2025-09-18 14:34:56,40.0,5500,40.03,U
sh603301,振德医疗,2025-09-18 14:35:05,40.0,7200,39.96,U
sh603301,振德医疗,2025-09-18 14:35:26,39.96,5200,39.97,D
sh603301,振德医疗,2025-09-18 14:35:38,39.89,7100,39.93,D
sh603301,振德医疗,2025-09-18 14:36:14,39.8,9900,39.81,D
sh603301,振德医疗,2025-09-18 14:36:20,39.77,12100,39.79,D
sh603301,振德医疗,2025-09-18 14:36:50,39.79,5200,39.8,D
sh603301,振德医疗,2025-09-18 14:37:17,39.78,14500,39.78,D
sh603301,振德医疗,2025-09-18 14:37:44,39.75,12200,39.76,D
sh603301,振德医疗,2025-09-18 14:37:53,39.76,6400,39.77,D
sh603301,振德医疗,2025-09-18 14:38:05,39.75,11700,39.75,D
sh603301,振德医疗,2025-09-18 14:38:08,39.75,9000,39.75,D
sh603301,振德医疗,2025-09-18 14:38:11,39.75,10400,39.75,D
sh603301,振德医疗,2025-09-18 14:39:02,39.68,10900,39.71,D
sh603301,振德医疗,2025-09-18 14:39:11,39.59,5600,39.6,D
sh603301,振德医疗,2025-09-18 14:39:20,39.61,8900,39.61,U
sh603301,振德医疗,2025-09-18 14:39:32,39.59,5700,39.58,U
sh603301,振德医疗,2025-09-18 14:39:35,39.53,11800,39.59,D
sh603301,振德医疗,2025-09-18 14:39:50,39.52,7100,39.52,U
sh603301,振德医疗,2025-09-18 14:39:53,39.52,14900,39.52,U
sh603301,振德医疗,2025-09-18 14:39:59,39.5,5600,39.5,D
sh603301,振德医疗,2025-09-18 14:40:02,39.5,7300,39.5,D
sh603301,振德医疗,2025-09-18 14:40:05,39.51,5500,39.5,U
sh603301,振德医疗,2025-09-18 14:40:08,39.5,29400,39.51,D
sh603301,振德医疗,2025-09-18 14:40:11,39.52,6200,39.5,U
sh603301,振德医疗,2025-09-18 14:40:14,39.52,5600,39.52,U
sh603301,振德医疗,2025-09-18 14:40:17,39.55,14200,39.52,U
sh603301,振德医疗,2025-09-18 14:40:20,39.55,7500,39.55,D
sh603301,振德医疗,2025-09-18 14:40:38,39.53,10600,39.57,D
sh603301,振德医疗,2025-09-18 14:40:56,39.52,6000,39.52,U
sh603301,振德医疗,2025-09-18 14:41:02,39.55,5200,39.54,E
sh603301,振德医疗,2025-09-18 14:41:08,39.54,9700,39.54,D
sh603301,振德医疗,2025-09-18 14:41:17,39.58,10000,39.54,U
sh603301,振德医疗,2025-09-18 14:41:20,39.53,6900,39.58,D
sh603301,振德医疗,2025-09-18 14:42:23,39.45,10900,39.45,D
sh603301,振德医疗,2025-09-18 14:42:26,39.42,7900,39.45,D
sh603301,振德医疗,2025-09-18 14:42:32,39.44,10700,39.42,E
sh603301,振德医疗,2025-09-18 14:42:35,39.45,17600,39.44,U
sh603301,振德医疗,2025-09-18 14:42:38,39.41,11400,39.45,D
sh603301,振德医疗,2025-09-18 14:42:44,39.44,17600,39.44,D
sh603301,振德医疗,2025-09-18 14:43:17,39.4,28300,39.39,U
sh603301,振德医疗,2025-09-18 14:43:23,39.41,8100,39.4,U
sh603301,振德医疗,2025-09-18 14:43:26,39.41,7600,39.41,U
sh603301,振德医疗,2025-09-18 14:43:35,39.4,10700,39.39,U
sh603301,振德医疗,2025-09-18 14:43:38,39.41,5100,39.4,U
sh603301,振德医疗,2025-09-18 14:43:44,39.41,6800,39.41,U
sh603301,振德医疗,2025-09-18 14:43:50,39.41,20500,39.39,U
sh603301,振德医疗,2025-09-18 14:44:02,39.39,5700,39.41,D
sh603301,振德医疗,2025-09-18 14:44:05,39.43,19900,39.39,U
sh603301,振德医疗,2025-09-18 14:44:11,39.46,13400,39.45,U
sh603301,振德医疗,2025-09-18 14:44:35,39.59,11900,39.59,U
sh603301,振德医疗,2025-09-18 14:44:41,39.59,12800,39.59,D
sh603301,振德医疗,2025-09-18 14:44:44,39.6,7300,39.59,U
sh603301,振德医疗,2025-09-18 14:44:59,39.66,6100,39.66,U
sh603301,振德医疗,2025-09-18 14:45:05,39.66,7200,39.66,D
sh603301,振德医疗,2025-09-18 14:45:14,39.69,6100,39.66,U
sh603301,振德医疗,2025-09-18 14:45:20,39.66,14900,39.67,D
sh603301,振德医疗,2025-09-18 14:45:32,39.62,16400,39.62,D
sh603301,振德医疗,2025-09-18 14:45:38,39.6,9500,39.61,D
sh603301,振德医疗,2025-09-18 14:45:41,39.6,9100,39.6,D
sh603301,振德医疗,2025-09-18 14:45:44,39.59,5200,39.6,D
sh603301,振德医疗,2025-09-18 14:45:47,39.59,8000,39.59,U
sh603301,振德医疗,2025-09-18 14:45:50,39.59,5600,39.59,U
sh603301,振德医疗,2025-09-18 14:45:53,39.59,6700,39.59,U
sh603301,振德医疗,2025-09-18 14:46:05,39.66,6600,39.62,U
sh603301,振德医疗,2025-09-18 14:46:11,39.6,16500,39.66,D
sh603301,振德医疗,2025-09-18 14:47:47,39.82,6100,39.81,U
sh603301,振德医疗,2025-09-18 14:48:02,39.82,5600,39.86,D
sh603301,振德医疗,2025-09-18 14:48:05,39.81,5600,39.82,D
sh603301,振德医疗,2025-09-18 14:48:08,39.8,16400,39.81,D
sh603301,振德医疗,2025-09-18 14:48:11,39.81,8800,39.8,U
sh603301,振德医疗,2025-09-18 14:48:38,39.82,7900,39.82,D
sh603301,振德医疗,2025-09-18 14:48:53,39.83,7000,39.82,U
sh603301,振德医疗,2025-09-18 14:49:53,39.86,7500,39.86,D
sh603301,振德医疗,2025-09-18 14:50:17,39.93,13600,39.89,U
sh603301,振德医疗,2025-09-18 14:50:38,39.95,7900,39.95,D
sh603301,振德医疗,2025-09-18 14:51:11,39.97,26300,39.99,D
sh603301,振德医疗,2025-09-18 14:51:29,39.95,6100,39.95,D
sh603301,振德医疗,2025-09-18 14:51:47,39.96,8700,39.96,U
sh603301,振德医疗,2025-09-18 14:51:53,39.97,6600,39.93,U
sh603301,振德医疗,2025-09-18 14:52:08,39.97,5900,39.95,U
sh603301,振德医疗,2025-09-18 14:52:20,39.99,6000,39.98,U
sh603301,振德医疗,2025-09-18 14:52:23,40.0,6500,39.99,U
sh603301,振德医疗,2025-09-18 14:52:26,40.01,13600,40.0,U
sh603301,振德医疗,2025-09-18 14:52:41,40.06,5100,40.05,U
sh603301,振德医疗,2025-09-18 14:52:44,40.07,8500,40.06,U
sh603301,振德医疗,2025-09-18 14:53:02,40.08,14600,40.08,D
sh603301,振德医疗,2025-09-18 14:53:20,40.04,9900,40.08,D
sh603301,振德医疗,2025-09-18 14:53:29,40.06,15000,40.05,U
sh603301,振德医疗,2025-09-18 14:53:50,39.97,11600,39.96,E
sh603301,振德医疗,2025-09-18 14:53:59,39.97,6100,39.96,U
sh603301,振德医疗,2025-09-18 14:54:05,39.99,27600,39.98,U
sh603301,振德医疗,2025-09-18 14:54:17,39.99,25100,40.0,D
sh603301,振德医疗,2025-09-18 14:54:26,40.13,8700,40.09,U
sh603301,振德医疗,2025-09-18 14:54:29,40.09,7200,40.13,D
sh603301,振德医疗,2025-09-18 14:54:32,40.04,23700,40.09,D
sh603301,振德医疗,2025-09-18 14:54:44,40.11,30300,40.11,D
sh603301,振德医疗,2025-09-18 14:54:56,40.24,11200,40.18,U
sh603301,振德医疗,2025-09-18 14:55:02,40.25,5000,40.25,D
sh603301,振德医疗,2025-09-18 14:55:05,40.18,11100,40.25,D
sh603301,振德医疗,2025-09-18 14:55:08,40.13,24500,40.18,D
sh603301,振德医疗,2025-09-18 14:55:11,40.28,7700,40.13,U
sh603301,振德医疗,2025-09-18 14:55:20,40.18,9300,40.21,E
sh603301,振德医疗,2025-09-18 14:55:29,40.2,13100,40.2,D
sh603301,振德医疗,2025-09-18 14:55:35,40.22,5900,40.22,D
sh603301,振德医疗,2025-09-18 14:55:41,40.11,33300,40.23,D
sh603301,振德医疗,2025-09-18 14:55:44,40.03,11100,40.11,D
sh603301,振德医疗,2025-09-18 14:55:53,39.97,29400,40.03,D
sh603301,振德医疗,2025-09-18 14:55:56,40.0,8300,39.97,U
sh603301,振德医疗,2025-09-18 14:56:02,40.0,23500,39.96,U
sh603301,振德医疗,2025-09-18 14:56:08,39.96,8500,39.97,D
sh603301,振德医疗,2025-09-18 14:56:14,40.03,9100,39.96,U
sh603301,振德医疗,2025-09-18 14:56:23,40.03,14400,40.0,U
sh603301,振德医疗,2025-09-18 14:56:26,39.99,5900,40.03,D
sh603301,振德医疗,2025-09-18 14:56:32,40.0,5600,39.95,U
sh603301,振德医疗,2025-09-18 14:56:35,39.93,5100,40.0,D
sh603301,振德医疗,2025-09-18 14:56:47,39.98,5400,39.98,U
sh603301,振德医疗,2025-09-18 14:56:53,39.96,8000,39.97,E
sh603301,振德医疗,2025-09-18 14:56:56,39.94,13700,39.96,D
sh603301,振德医疗,2025-09-18 14:56:59,39.9,7200,39.94,D
sh603301,振德医疗,2025-09-18 15:00:01,40.3,281400,40.3,U
