symbol,name,ticktime,price,volume,prev_price,kind
sh603301,振德医疗,2025-09-17 09:25:02,39.0,120700,0.0,U
sh603301,振德医疗,2025-09-17 09:30:03,39.02,8100,39.0,E
sh603301,振德医疗,2025-09-17 09:30:06,39.24,27200,39.02,U
sh603301,振德医疗,2025-09-17 09:30:09,39.0,29300,39.24,D
sh603301,振德医疗,2025-09-17 09:30:12,39.28,7500,39.0,U
sh603301,振德医疗,2025-09-17 09:30:15,39.02,37000,39.28,D
sh603301,振德医疗,2025-09-17 09:30:18,39.24,8800,39.02,U
sh603301,振德医疗,2025-09-17 09:30:21,39.24,21000,39.24,U
sh603301,振德医疗,2025-09-17 09:30:24,39.24,16600,39.24,D
sh603301,振德医疗,2025-09-17 09:30:27,39.28,12800,39.24,U
sh603301,振德医疗,2025-09-17 09:30:30,39.28,13513,39.28,D
sh603301,振德医疗,2025-09-17 09:30:33,39.3,19700,39.28,E
sh603301,振德医疗,2025-09-17 09:30:36,39.37,48500,39.3,E
sh603301,振德医疗,2025-09-17 09:30:39,39.3,21800,39.37,D
sh603301,振德医疗,2025-09-17 09:30:42,39.39,26300,39.3,U
sh603301,振德医疗,2025-09-17 09:30:45,39.28,48140,39.39,D
sh603301,振德医疗,2025-09-17 09:30:48,39.24,61900,39.28,D
sh603301,振德医疗,2025-09-17 09:30:51,39.16,17700,39.24,E
sh603301,振德医疗,2025-09-17 09:30:54,39.3,11200,39.16,U
sh603301,振德医疗,2025-09-17 09:30:57,39.39,12800,39.3,U
sh603301,振德医疗,2025-09-17 09:31:00,39.41,9700,39.39,U
sh603301,振德医疗,2025-09-17 09:31:03,39.54,30200,39.41,U
sh603301,振德医疗,2025-09-17 09:31:06,39.61,17000,39.54,U
sh603301,振德医疗,2025-09-17 09:31:09,39.41,35100,39.61,D
sh603301,振德医疗,2025-09-17 09:31:12,39.41,39993,39.41,U
sh603301,振德医疗,2025-09-17 09:31:18,39.5,6200,39.5,D
sh603301,振德医疗,2025-09-17 09:31:21,39.55,8500,39.5,E
sh603301,振德医疗,2025-09-17 09:31:24,39.48,11500,39.55,D
sh603301,振德医疗,2025-09-17 09:31:27,39.55,14200,39.48,D
sh603301,振德医疗,2025-09-17 09:31:30,39.59,7000,39.55,E
sh603301,振德医疗,2025-09-17 09:31:33,39.58,13800,39.59,D
sh603301,振德医疗,2025-09-17 09:31:36,39.55,18600,39.58,D
sh603301,振德医疗,2025-09-17 09:31:39,39.62,26600,39.55,U
sh603301,振德医疗,2025-09-17 09:31:42,39.68,28887,39.62,U
sh603301,振德医疗,2025-09-17 09:31:45,39.67,22200,39.68,D
sh603301,振德医疗,2025-09-17 09:31:48,39.64,6400,39.67,D
sh603301,振德医疗,2025-09-17 09:31:51,39.7,10900,39.64,U
sh603301,振德医疗,2025-09-17 09:31:54,39.7,47200,39.7,U
sh603301,振德医疗,2025-09-17 09:32:00,39.78,20700,39.78,D
sh603301,振德医疗,2025-09-17 09:32:03,39.83,6100,39.78,E
sh603301,振德医疗,2025-09-17 09:32:06,39.83,8300,39.83,D
sh603301,振德医疗,2025-09-17 09:32:09,39.88,27800,39.83,U
sh603301,振德医疗,2025-09-17 09:32:12,39.88,29700,39.88,D
sh603301,振德医疗,2025-09-17 09:32:15,39.88,32200,39.88,U
sh603301,振德医疗,2025-09-17 09:32:18,39.88,37000,39.88,U
sh603301,振德医疗,2025-09-17 09:32:21,39.78,18400,39.88,E
sh603301,振德医疗,2025-09-17 09:32:24,39.79,19700,39.78,U
sh603301,振德医疗,2025-09-17 09:32:27,39.77,9200,39.79,E
sh603301,振德医疗,2025-09-17 09:32:30,39.82,10300,39.77,E
sh603301,振德医疗,2025-09-17 09:32:33,39.72,14000,39.82,D
sh603301,振德医疗,2025-09-17 09:32:36,39.55,32513,39.72,D
sh603301,振德医疗,2025-09-17 09:32:42,39.44,12900,39.51,D
sh603301,振德医疗,2025-09-17 09:32:45,39.5,5600,39.44,U
sh603301,振德医疗,2025-09-17 09:32:48,39.49,10200,39.5,E
sh603301,振德医疗,2025-09-17 09:32:51,39.43,10100,39.49,D
sh603301,振德医疗,2025-09-17 09:32:54,39.59,117500,39.43,U
sh603301,振德医疗,2025-09-17 09:32:57,39.72,29200,39.59,U
sh603301,振德医疗,2025-09-17 09:33:00,39.74,10000,39.72,U
sh603301,振德医疗,2025-09-17 09:33:03,39.8,10000,39.74,U
sh603301,振德医疗,2025-09-17 09:33:06,39.83,9200,39.8,U
sh603301,振德医疗,2025-09-17 09:33:09,39.86,5600,39.83,U
sh603301,振德医疗,2025-09-17 09:33:12,39.87,17400,39.86,E
sh603301,振德医疗,2025-09-17 09:33:15,39.88,5700,39.87,U
sh603301,振德医疗,2025-09-17 09:33:18,39.9,8700,39.88,U
sh603301,振德医疗,2025-09-17 09:33:21,39.86,81800,39.9,D
sh603301,振德医疗,2025-09-17 09:33:24,39.86,21000,39.86,U
sh603301,振德医疗,2025-09-17 09:33:27,39.86,8500,39.86,U
sh603301,振德医疗,2025-09-17 09:33:30,39.86,16720,39.86,D
sh603301,振德医疗,2025-09-17 09:33:33,39.86,11500,39.86,U
sh603301,振德医疗,2025-09-17 09:33:36,39.8,22580,39.86,D
sh603301,振德医疗,2025-09-17 09:33:39,39.86,21700,39.8,U
sh603301,振德医疗,2025-09-17 09:33:42,39.78,14100,39.86,D
sh603301,振德医疗,2025-09-17 09:33:48,39.65,14700,39.79,D
sh603301,振德医疗,2025-09-17 09:33:51,39.78,151500,39.65,U
sh603301,振德医疗,2025-09-17 09:33:54,39.67,45400,39.78,D
sh603301,振德医疗,2025-09-17 09:33:57,39.74,19100,39.67,U
sh603301,振德医疗,2025-09-17 09:34:00,39.65,6300,39.74,D
sh603301,振德医疗,2025-09-17 09:34:06,39.57,7800,39.6,E
sh603301,振德医疗,2025-09-17 09:34:09,39.52,18600,39.57,D
sh603301,振德医疗,2025-09-17 09:34:12,39.49,7500,39.52,D
sh603301,振德医疗,2025-09-17 09:34:15,39.43,7200,39.49,D
sh603301,振德医疗,2025-09-17 09:34:18,39.47,6500,39.43,D
sh603301,振德医疗,2025-09-17 09:34:21,39.45,16100,39.47,U
sh603301,振德医疗,2025-09-17 09:34:24,39.42,10000,39.45,D
sh603301,振德医疗,2025-09-17 09:34:27,39.43,24200,39.42,U
sh603301,振德医疗,2025-09-17 09:34:30,39.41,16100,39.43,D
sh603301,振德医疗,2025-09-17 09:34:33,39.39,82200,39.41,D
sh603301,振德医疗,2025-09-17 09:34:36,39.3,10900,39.39,D
sh603301,振德医疗,2025-09-17 09:34:39,39.3,11900,39.3,D
sh603301,振德医疗,2025-09-17 09:34:42,39.16,16800,39.3,D
sh603301,振德医疗,2025-09-17 09:34:51,39.13,15700,39.15,U
sh603301,振德医疗,2025-09-17 09:34:54,39.08,27400,39.13,D
sh603301,振德医疗,2025-09-17 09:34:57,39.12,13300,39.08,U
sh603301,振德医疗,2025-09-17 09:35:00,39.1,8500,39.12,D
sh603301,振德医疗,2025-09-17 09:35:03,39.1,11000,39.1,D
sh603301,振德医疗,2025-09-17 09:35:06,39.09,6520,39.1,D
sh603301,振德医疗,2025-09-17 09:35:09,39.1,9400,39.09,E
sh603301,振德医疗,2025-09-17 09:35:12,39.08,5600,39.1,D
sh603301,振德医疗,2025-09-17 09:35:18,39.1,16800,39.01,U
sh603301,振德医疗,2025-09-17 09:35:21,39.1,7100,39.1,D
sh603301,振德医疗,2025-09-17 09:35:24,39.11,15000,39.1,D
sh603301,振德医疗,2025-09-17 09:35:27,39.11,15300,39.11,D
sh603301,振德医疗,2025-09-17 09:35:33,39.15,5500,39.16,E
sh603301,振德医疗,2025-09-17 09:35:45,39.25,5600,39.19,U
sh603301,振德医疗,2025-09-17 09:35:48,39.18,6800,39.25,D
sh603301,振德医疗,2025-09-17 09:35:54,39.25,11100,39.22,E
sh603301,振德医疗,2025-09-17 09:36:00,39.16,30500,39.21,D
sh603301,振德医疗,2025-09-17 09:36:03,39.1,43000,39.16,D
sh603301,振德医疗,2025-09-17 09:36:06,39.08,14300,39.1,D
sh603301,振德医疗,2025-09-17 09:36:12,39.0,11500,39.09,D
sh603301,振德医疗,2025-09-17 09:36:15,39.02,35000,39.0,U
sh603301,振德医疗,2025-09-17 09:36:18,38.99,14280,39.02,D
sh603301,振德医疗,2025-09-17 09:36:21,39.26,75207,38.99,U
sh603301,振德医疗,2025-09-17 09:36:24,39.46,42500,39.26,U
sh603301,振德医疗,2025-09-17 09:36:27,39.59,18700,39.46,U
sh603301,振德医疗,2025-09-17 09:36:30,39.61,5100,39.59,U
sh603301,振德医疗,2025-09-17 09:36:33,39.53,23100,39.61,D
sh603301,振德医疗,2025-09-17 09:36:36,39.59,77300,39.53,U
sh603301,振德医疗,2025-09-17 09:36:39,39.61,7200,39.59,E
sh603301,振德医疗,2025-09-17 09:36:42,39.45,20300,39.61,D
sh603301,振德医疗,2025-09-17 09:36:48,39.35,5500,39.41,E
sh603301,振德医疗,2025-09-17 09:36:51,39.17,8400,39.35,D
sh603301,振德医疗,2025-09-17 09:37:03,39.0,25200,39.03,D
sh603301,振德医疗,2025-09-17 09:37:06,39.02,9000,39.0,D
sh603301,振德医疗,2025-09-17 09:37:09,39.02,22800,39.02,D
sh603301,振德医疗,2025-09-17 09:37:12,39.04,12600,39.02,U
sh603301,振德医疗,2025-09-17 09:37:15,39.01,32300,39.04,D
sh603301,振德医疗,2025-09-17 09:37:18,39.01,21100,39.01,D
sh603301,振德医疗,2025-09-17 09:37:21,39.01,12228,39.01,D
sh603301,振德医疗,2025-09-17 09:37:27,39.0,16500,39.01,D
sh603301,振德医疗,2025-09-17 09:37:36,38.83,9400,38.88,D
sh603301,振德医疗,2025-09-17 09:37:39,38.81,8100,38.83,D
sh603301,振德医疗,2025-09-17 09:37:42,38.8,27000,38.81,D
sh603301,振德医疗,2025-09-17 09:37:45,38.75,16600,38.8,D
sh603301,振德医疗,2025-09-17 09:37:48,38.84,71300,38.75,U
sh603301,振德医疗,2025-09-17 09:37:51,38.95,24400,38.84,E
sh603301,振德医疗,2025-09-17 09:37:54,38.84,5500,38.95,D
sh603301,振德医疗,2025-09-17 09:37:57,38.78,7000,38.84,E
sh603301,振德医疗,2025-09-17 09:38:00,38.5,24700,38.78,D
sh603301,振德医疗,2025-09-17 09:38:03,38.78,15100,38.5,U
sh603301,振德医疗,2025-09-17 09:38:06,38.58,15600,38.78,E
sh603301,振德医疗,2025-09-17 09:38:09,38.52,46300,38.58,D
sh603301,振德医疗,2025-09-17 09:38:12,38.59,10200,38.52,E
sh603301,振德医疗,2025-09-17 09:38:15,38.58,15000,38.59,D
sh603301,振德医疗,2025-09-17 09:38:18,38.58,27300,38.58,U
sh603301,振德医疗,2025-09-17 09:38:21,38.59,23200,38.58,U
sh603301,振德医疗,2025-09-17 09:38:24,38.59,38200,38.59,D
sh603301,振德医疗,2025-09-17 09:38:27,38.57,11800,38.59,D
sh603301,振德医疗,2025-09-17 09:38:33,38.5,13300,38.54,D
sh603301,振德医疗,2025-09-17 09:38:36,38.41,17800,38.5,D
sh603301,振德医疗,2025-09-17 09:38:39,38.41,10600,38.41,D
sh603301,振德医疗,2025-09-17 09:38:42,38.66,31500,38.41,U
sh603301,振德医疗,2025-09-17 09:38:45,38.56,9200,38.66,D
sh603301,振德医疗,2025-09-17 09:38:48,38.61,24900,38.56,U
sh603301,振德医疗,2025-09-17 09:38:51,38.66,6200,38.61,E
sh603301,振德医疗,2025-09-17 09:38:54,38.59,6200,38.66,D
sh603301,振德医疗,2025-09-17 09:39:00,38.57,11100,38.59,D
sh603301,振德医疗,2025-09-17 09:39:03,38.72,23440,38.57,U
sh603301,振德医疗,2025-09-17 09:39:06,38.65,7500,38.72,E
sh603301,振德医疗,2025-09-17 09:39:09,38.63,5800,38.65,D
sh603301,振德医疗,2025-09-17 09:39:12,38.59,13700,38.63,D
sh603301,振德医疗,2025-09-17 09:39:15,38.63,5900,38.59,U
sh603301,振德医疗,2025-09-17 09:39:18,38.63,5600,38.63,U
sh603301,振德医疗,2025-09-17 09:39:21,38.65,7900,38.63,U
sh603301,振德医疗,2025-09-17 09:39:27,38.65,6700,38.65,D
sh603301,振德医疗,2025-09-17 09:39:30,38.64,7700,38.65,D
sh603301,振德医疗,2025-09-17 09:39:33,38.63,10600,38.64,E
sh603301,振德医疗,2025-09-17 09:39:36,38.63,9300,38.63,U
sh603301,振德医疗,2025-09-17 09:39:39,38.6,21200,38.63,D
sh603301,振德医疗,2025-09-17 09:39:45,38.6,7400,38.61,D
sh603301,振德医疗,2025-09-17 09:39:51,38.59,27100,38.59,D
sh603301,振德医疗,2025-09-17 09:40:06,38.55,8500,38.57,D
sh603301,振德医疗,2025-09-17 09:40:09,38.67,62340,38.55,U
sh603301,振德医疗,2025-09-17 09:40:18,38.78,16200,38.72,U
sh603301,振德医疗,2025-09-17 09:40:21,38.78,9100,38.78,D
sh603301,振德医疗,2025-09-17 09:40:24,38.83,13100,38.78,U
sh603301,振德医疗,2025-09-17 09:40:27,38.88,5700,38.83,U
sh603301,振德医疗,2025-09-17 09:40:51,38.89,6400,38.87,U
sh603301,振德医疗,2025-09-17 09:40:57,38.99,11800,38.95,U
sh603301,振德医疗,2025-09-17 09:41:00,39.0,5700,38.99,U
sh603301,振德医疗,2025-09-17 09:41:03,38.96,17400,39.0,D
sh603301,振德医疗,2025-09-17 09:41:06,38.9,6200,38.96,D
sh603301,振德医疗,2025-09-17 09:41:09,38.9,5800,38.9,D
sh603301,振德医疗,2025-09-17 09:41:15,38.98,28100,38.89,U
sh603301,振德医疗,2025-09-17 09:41:54,38.93,5500,38.93,D
sh603301,振德医疗,2025-09-17 09:41:57,38.93,13500,38.93,U
sh603301,振德医疗,2025-09-17 09:42:00,39.02,41100,38.93,U
sh603301,振德医疗,2025-09-17 09:42:15,38.87,27700,39.02,D
sh603301,振德医疗,2025-09-17 09:42:27,38.99,51700,38.93,U
sh603301,振德医疗,2025-09-17 09:42:30,39.02,20800,38.99,U
sh603301,振德医疗,2025-09-17 09:42:33,39.0,6700,39.02,D
sh603301,振德医疗,2025-09-17 09:42:36,39.02,5300,39.0,E
sh603301,振德医疗,2025-09-17 09:42:39,39.02,17700,39.02,U
sh603301,振德医疗,2025-09-17 09:42:42,39.02,9300,39.02,D
sh603301,振德医疗,2025-09-17 09:42:45,39.02,12800,39.02,D
sh603301,振德医疗,2025-09-17 09:43:03,39.0,11800,39.01,D
sh603301,振德医疗,2025-09-17 09:43:06,39.0,7900,39.0,U
sh603301,振德医疗,2025-09-17 09:43:09,39.01,9400,39.0,U
sh603301,振德医疗,2025-09-17 09:43:12,39.07,27700,39.01,U
sh603301,振德医疗,2025-09-17 09:43:15,39.13,11200,39.07,U
sh603301,振德医疗,2025-09-17 09:43:18,39.1,42300,39.13,D
sh603301,振德医疗,2025-09-17 09:43:21,39.08,13400,39.1,D
sh603301,振德医疗,2025-09-17 09:43:24,39.05,24200,39.08,D
sh603301,振德医疗,2025-09-17 09:43:33,39.0,7000,39.05,D
sh603301,振德医疗,2025-09-17 09:43:45,38.98,9000,38.95,U
sh603301,振德医疗,2025-09-17 09:43:51,38.95,6400,38.96,D
sh603301,振德医疗,2025-09-17 09:44:21,38.87,9000,38.87,D
sh603301,振德医疗,2025-09-17 09:44:30,38.84,10600,38.86,D
sh603301,振德医疗,2025-09-17 09:44:33,38.86,20600,38.84,U
sh603301,振德医疗,2025-09-17 09:44:36,38.88,15700,38.86,U
sh603301,振德医疗,2025-09-17 09:44:39,38.88,7200,38.88,D
sh603301,振德医疗,2025-09-17 09:44:42,38.87,6700,38.88,D
sh603301,振德医疗,2025-09-17 09:44:54,38.87,5500,38.89,D
sh603301,振德医疗,2025-09-17 09:45:03,38.86,5900,38.86,D
sh603301,振德医疗,2025-09-17 09:45:06,38.86,8900,38.86,D
sh603301,振德医疗,2025-09-17 09:45:09,38.89,9000,38.86,U
sh603301,振德医疗,2025-09-17 09:45:12,38.92,18900,38.89,U
sh603301,振德医疗,2025-09-17 09:45:15,38.92,41500,38.92,D
sh603301,振德医疗,2025-09-17 09:45:18,39.0,12200,38.92,U
sh603301,振德医疗,2025-09-17 09:45:39,38.99,12700,38.99,D
sh603301,振德医疗,2025-09-17 09:45:42,38.98,7800,38.99,D
sh603301,振德医疗,2025-09-17 09:45:45,39.03,7600,38.98,U
sh603301,振德医疗,2025-09-17 09:45:54,39.0,5700,39.0,U
sh603301,振德医疗,2025-09-17 09:46:00,38.99,14100,39.0,D
sh603301,振德医疗,2025-09-17 09:46:12,38.97,7900,39.0,D
sh603301,振德医疗,2025-09-17 09:46:21,38.87,55300,38.96,D
sh603301,振德医疗,2025-09-17 09:46:45,38.92,18100,38.88,U
sh603301,振德医疗,2025-09-17 09:46:48,38.96,5700,38.92,U
sh603301,振德医疗,2025-09-17 09:46:57,38.97,18200,38.99,D
sh603301,振德医疗,2025-09-17 09:47:06,39.0,9700,39.0,U
sh603301,振德医疗,2025-09-17 09:47:12,38.97,5200,38.98,D
sh603301,振德医疗,2025-09-17 09:47:18,38.99,21600,38.97,U
sh603301,振德医疗,2025-09-17 09:47:24,39.01,20600,38.99,U
sh603301,振德医疗,2025-09-17 09:47:30,38.98,8500,39.01,D
sh603301,振德医疗,2025-09-17 09:47:57,38.92,7000,38.96,D
sh603301,振德医疗,2025-09-17 09:48:06,38.96,7900,38.92,U
sh603301,振德医疗,2025-09-17 09:48:09,38.99,24600,38.96,U
sh603301,振德医疗,2025-09-17 09:48:18,38.91,17700,38.98,D
sh603301,振德医疗,2025-09-17 09:48:21,38.9,8200,38.91,D
sh603301,振德医疗,2025-09-17 09:48:24,38.9,7000,38.9,D
sh603301,振德医疗,2025-09-17 09:48:27,38.87,102800,38.9,D
sh603301,振德医疗,2025-09-17 09:48:30,38.86,8400,38.87,D
sh603301,振德医疗,2025-09-17 09:48:36,38.91,32500,38.87,U
sh603301,振德医疗,2025-09-17 09:48:45,38.87,10300,38.93,D
sh603301,振德医疗,2025-09-17 09:48:51,38.9,8000,38.88,U
sh603301,振德医疗,2025-09-17 09:48:54,38.92,6500,38.9,U
sh603301,振德医疗,2025-09-17 09:49:12,38.94,21000,38.93,U
sh603301,振德医疗,2025-09-17 09:49:51,38.95,10000,38.99,D
sh603301,振德医疗,2025-09-17 09:49:54,38.96,5300,38.95,D
sh603301,振德医疗,2025-09-17 09:50:18,38.99,6600,38.96,U
sh603301,振德医疗,2025-09-17 09:50:21,39.01,28100,38.99,U
sh603301,振德医疗,2025-09-17 09:50:27,38.99,9300,39.01,D
sh603301,振德医疗,2025-09-17 09:50:54,38.97,5600,38.99,D
sh603301,振德医疗,2025-09-17 09:51:06,39.0,7200,38.97,U
sh603301,振德医疗,2025-09-17 09:51:27,39.04,5700,39.02,U
sh603301,振德医疗,2025-09-17 09:51:42,39.1,9700,39.07,U
sh603301,振德医疗,2025-09-17 09:52:00,39.2,11700,39.17,U
sh603301,振德医疗,2025-09-17 09:52:09,39.14,29400,39.2,D
sh603301,振德医疗,2025-09-17 09:52:12,39.16,9800,39.14,U
sh603301,振德医疗,2025-09-17 09:52:15,39.1,7700,39.16,D
sh603301,振德医疗,2025-09-17 09:52:24,39.06,7000,39.08,D
sh603301,振德医疗,2025-09-17 09:52:30,39.07,14300,39.07,U
sh603301,振德医疗,2025-09-17 09:52:36,39.06,9100,39.07,D
sh603301,振德医疗,2025-09-17 09:52:48,39.0,5300,39.0,D
sh603301,振德医疗,2025-09-17 09:52:57,38.98,6000,39.0,D
sh603301,振德医疗,2025-09-17 09:53:12,38.98,5500,39.0,D
sh603301,振德医疗,2025-09-17 09:53:18,39.04,19000,38.99,U
sh603301,振德医疗,2025-09-17 09:53:21,39.0,18000,39.04,D
sh603301,振德医疗,2025-09-17 09:53:33,39.01,9300,39.01,D
sh603301,振德医疗,2025-09-17 09:53:36,39.01,29200,39.01,U
sh603301,振德医疗,2025-09-17 09:53:39,39.01,40900,39.01,D
sh603301,振德医疗,2025-09-17 09:53:45,39.0,20300,39.01,D
sh603301,振德医疗,2025-09-17 09:54:06,38.98,32900,38.97,U
sh603301,振德医疗,2025-09-17 09:54:18,38.99,30900,38.99,D
sh603301,振德医疗,2025-09-17 09:54:21,39.0,23300,38.99,D
sh603301,振德医疗,2025-09-17 09:54:33,38.97,70500,38.99,D
sh603301,振德医疗,2025-09-17 09:54:36,38.94,16000,38.97,D
sh603301,振德医疗,2025-09-17 09:54:57,38.95,11100,38.94,U
sh603301,振德医疗,2025-09-17 09:55:00,38.93,68400,38.95,D
sh603301,振德医疗,2025-09-17 09:55:03,38.92,5400,38.93,D
sh603301,振德医疗,2025-09-17 09:55:09,38.9,11400,38.93,D
sh603301,振德医疗,2025-09-17 09:55:24,38.78,93300,38.9,D
sh603301,振德医疗,2025-09-17 09:55:30,38.78,13500,38.87,D
sh603301,振德医疗,2025-09-17 09:55:36,38.8,5400,38.78,E
sh603301,振德医疗,2025-09-17 09:55:42,38.84,9800,38.84,E
sh603301,振德医疗,2025-09-17 09:55:45,38.93,8700,38.84,U
sh603301,振德医疗,2025-09-17 09:55:54,38.88,16300,38.86,E
sh603301,振德医疗,2025-09-17 09:56:09,38.89,6800,38.87,U
sh603301,振德医疗,2025-09-17 09:57:00,38.78,5400,38.8,D
sh603301,振德医疗,2025-09-17 09:57:03,38.75,16700,38.78,D
sh603301,振德医疗,2025-09-17 09:57:27,38.56,6900,38.58,U
sh603301,振德医疗,2025-09-17 09:57:33,38.55,18500,38.55,D
sh603301,振德医疗,2025-09-17 09:57:36,38.56,16400,38.55,E
sh603301,振德医疗,2025-09-17 09:57:39,38.63,28400,38.56,U
sh603301,振德医疗,2025-09-17 09:58:06,38.66,9900,38.67,D
sh603301,振德医疗,2025-09-17 09:58:12,38.65,6100,38.66,D
sh603301,振德医疗,2025-09-17 09:58:15,38.69,10400,38.65,U
sh603301,振德医疗,2025-09-17 09:58:24,38.66,5800,38.67,D
sh603301,振德医疗,2025-09-17 09:58:30,38.62,46700,38.67,D
sh603301,振德医疗,2025-09-17 09:58:39,38.63,16500,38.61,U
sh603301,振德医疗,2025-09-17 09:58:42,38.6,18400,38.63,D
sh603301,振德医疗,2025-09-17 09:58:54,38.63,13500,38.62,U
sh603301,振德医疗,2025-09-17 09:58:57,38.67,7100,38.63,E
sh603301,振德医疗,2025-09-17 09:59:03,38.71,5600,38.69,U
sh603301,振德医疗,2025-09-17 09:59:06,38.71,8100,38.71,D
sh603301,振德医疗,2025-09-17 09:59:30,38.65,10500,38.65,D
sh603301,振德医疗,2025-09-17 09:59:39,38.62,13700,38.63,D
sh603301,振德医疗,2025-09-17 09:59:51,38.61,7639,38.61,D
sh603301,振德医疗,2025-09-17 09:59:54,38.61,12800,38.61,D
sh603301,振德医疗,2025-09-17 10:00:03,38.62,15200,38.61,U
sh603301,振德医疗,2025-09-17 10:00:06,38.62,5700,38.62,U
sh603301,振德医疗,2025-09-17 10:01:03,38.68,6376,38.61,U
sh603301,振德医疗,2025-09-17 10:01:27,38.82,5400,38.82,D
sh603301,振德医疗,2025-09-17 10:01:36,38.77,20200,38.81,D
sh603301,振德医疗,2025-09-17 10:01:54,38.82,21200,38.8,U
sh603301,振德医疗,2025-09-17 10:01:57,38.84,5800,38.82,U
sh603301,振德医疗,2025-09-17 10:02:15,38.8,12600,38.81,D
sh603301,振德医疗,2025-09-17 10:02:18,38.67,40500,38.8,D
sh603301,振德医疗,2025-09-17 10:02:45,38.64,10900,38.62,U
sh603301,振德医疗,2025-09-17 10:02:48,38.67,13500,38.64,U
sh603301,振德医疗,2025-09-17 10:02:51,38.67,5200,38.67,U
sh603301,振德医疗,2025-09-17 10:03:06,38.67,19300,38.64,U
sh603301,振德医疗,2025-09-17 10:03:24,38.68,7400,38.66,U
sh603301,振德医疗,2025-09-17 10:04:09,38.62,12000,38.64,D
sh603301,振德医疗,2025-09-17 10:04:12,38.61,37200,38.62,D
sh603301,振德医疗,2025-09-17 10:04:15,38.55,37524,38.61,D
sh603301,振德医疗,2025-09-17 10:04:18,38.64,35100,38.55,U
sh603301,振德医疗,2025-09-17 10:04:21,38.66,37200,38.64,U
sh603301,振德医疗,2025-09-17 10:04:36,38.7,5900,38.7,D
sh603301,振德医疗,2025-09-17 10:04:54,38.68,10100,38.67,U
sh603301,振德医疗,2025-09-17 10:04:57,38.66,6900,38.68,D
sh603301,振德医疗,2025-09-17 10:05:00,38.68,5200,38.66,U
sh603301,振德医疗,2025-09-17 10:05:03,38.66,10000,38.68,D
sh603301,振德医疗,2025-09-17 10:05:15,38.67,22700,38.68,D
sh603301,振德医疗,2025-09-17 10:05:39,38.61,5200,38.61,D
sh603301,振德医疗,2025-09-17 10:05:42,38.61,10400,38.61,D
sh603301,振德医疗,2025-09-17 10:05:54,38.67,9200,38.62,U
sh603301,振德医疗,2025-09-17 10:06:33,38.69,5600,38.69,D
sh603301,振德医疗,2025-09-17 10:06:36,38.69,8100,38.69,D
sh603301,振德医疗,2025-09-17 10:06:54,38.61,6400,38.62,D
sh603301,振德医疗,2025-09-17 10:07:03,38.61,8550,38.61,D
sh603301,振德医疗,2025-09-17 10:07:24,38.57,6600,38.57,U
sh603301,振德医疗,2025-09-17 10:07:27,38.6,11500,38.57,U
sh603301,振德医疗,2025-09-17 10:07:30,38.59,13100,38.6,E
sh603301,振德医疗,2025-09-17 10:07:42,38.63,7300,38.59,U
sh603301,振德医疗,2025-09-17 10:07:45,38.61,9700,38.63,D
sh603301,振德医疗,2025-09-17 10:07:51,38.64,11000,38.66,U
sh603301,振德医疗,2025-09-17 10:08:00,38.6,5900,38.63,D
sh603301,振德医疗,2025-09-17 10:08:33,38.6,12900,38.6,U
sh603301,振德医疗,2025-09-17 10:08:42,38.64,16200,38.59,U
sh603301,振德医疗,2025-09-17 10:09:15,38.64,10400,38.64,U
sh603301,振德医疗,2025-09-17 10:09:18,38.58,13100,38.64,D
sh603301,振德医疗,2025-09-17 10:09:51,38.58,9200,38.58,D
sh603301,振德医疗,2025-09-17 10:09:54,38.6,5600,38.58,U
sh603301,振德医疗,2025-09-17 10:09:57,38.58,8000,38.6,D
sh603301,振德医疗,2025-09-17 10:10:00,38.58,17800,38.58,U
sh603301,振德医疗,2025-09-17 10:10:03,38.58,6900,38.58,D
sh603301,振德医疗,2025-09-17 10:10:06,38.6,15700,38.58,E
sh603301,振德医疗,2025-09-17 10:10:45,38.57,6100,38.57,D
sh603301,振德医疗,2025-09-17 10:10:54,38.62,21200,38.57,U
sh603301,振德医疗,2025-09-17 10:10:57,38.62,6800,38.62,U
sh603301,振德医疗,2025-09-17 10:11:03,38.6,11300,38.62,D
sh603301,振德医疗,2025-09-17 10:11:15,38.56,59200,38.59,D
sh603301,振德医疗,2025-09-17 10:11:21,38.55,21800,38.55,D
sh603301,振德医疗,2025-09-17 10:11:24,38.55,68400,38.55,D
sh603301,振德医疗,2025-09-17 10:11:33,38.5,5700,38.5,D
sh603301,振德医疗,2025-09-17 10:11:36,38.48,22800,38.5,D
sh603301,振德医疗,2025-09-17 10:11:39,38.55,58100,38.48,U
sh603301,振德医疗,2025-09-17 10:11:42,38.6,10600,38.55,U
sh603301,振德医疗,2025-09-17 10:11:45,38.6,7200,38.6,D
sh603301,振德医疗,2025-09-17 10:11:51,38.6,14100,38.6,D
sh603301,振德医疗,2025-09-17 10:12:06,38.64,19600,38.58,U
sh603301,振德医疗,2025-09-17 10:12:15,38.68,5700,38.62,U
sh603301,振德医疗,2025-09-17 10:12:57,38.73,9300,38.73,U
sh603301,振德医疗,2025-09-17 10:13:00,38.73,5400,38.73,D
sh603301,振德医疗,2025-09-17 10:13:18,38.74,6300,38.74,D
sh603301,振德医疗,2025-09-17 10:14:54,38.76,10600,38.69,U
sh603301,振德医疗,2025-09-17 10:15:03,38.78,7600,38.77,U
sh603301,振德医疗,2025-09-17 10:15:27,38.89,10000,38.87,U
sh603301,振德医疗,2025-09-17 10:15:30,38.88,37900,38.89,E
sh603301,振德医疗,2025-09-17 10:15:33,39.0,14000,38.88,U
sh603301,振德医疗,2025-09-17 10:15:36,39.0,11900,39.0,U
sh603301,振德医疗,2025-09-17 10:15:39,39.0,10900,39.0,U
sh603301,振德医疗,2025-09-17 10:15:48,39.0,22000,39.0,U
sh603301,振德医疗,2025-09-17 10:15:54,39.0,9700,38.99,U
sh603301,振德医疗,2025-09-17 10:16:03,38.96,8000,38.98,D
sh603301,振德医疗,2025-09-17 10:16:24,38.96,6700,38.94,U
sh603301,振德医疗,2025-09-17 10:16:30,39.0,8100,38.98,U
sh603301,振德医疗,2025-09-17 10:16:36,39.0,18600,38.98,U
sh603301,振德医疗,2025-09-17 10:16:48,39.0,48300,39.05,D
sh603301,振德医疗,2025-09-17 10:16:51,38.99,7300,39.0,D
sh603301,振德医疗,2025-09-17 10:17:21,38.98,32000,38.94,U
sh603301,振德医疗,2025-09-17 10:17:24,38.99,17000,38.98,U
sh603301,振德医疗,2025-09-17 10:17:27,39.0,6700,38.99,U
sh603301,振德医疗,2025-09-17 10:17:39,39.0,30300,38.99,U
sh603301,振德医疗,2025-09-17 10:18:09,38.94,41600,38.95,D
sh603301,振德医疗,2025-09-17 10:18:12,39.0,12900,38.94,U
sh603301,振德医疗,2025-09-17 10:18:18,38.99,9700,39.0,D
sh603301,振德医疗,2025-09-17 10:18:21,39.04,5600,38.99,U
sh603301,振德医疗,2025-09-17 10:18:36,38.99,16800,39.03,D
sh603301,振德医疗,2025-09-17 10:18:39,39.0,11200,38.99,U
sh603301,振德医疗,2025-09-17 10:19:45,38.95,10200,38.96,U
sh603301,振德医疗,2025-09-17 10:20:48,38.99,19100,38.95,U
sh603301,振德医疗,2025-09-17 10:20:51,39.09,98100,38.99,U
sh603301,振德医疗,2025-09-17 10:20:57,39.0,33000,39.1,D
sh603301,振德医疗,2025-09-17 10:21:21,39.12,5800,39.1,U
sh603301,振德医疗,2025-09-17 10:21:42,39.16,10700,39.13,U
sh603301,振德医疗,2025-09-17 10:22:03,39.26,16500,39.22,U
sh603301,振德医疗,2025-09-17 10:22:09,39.28,12600,39.27,U
sh603301,振德医疗,2025-09-17 10:22:21,39.3,14200,39.35,D
sh603301,振德医疗,2025-09-17 10:22:24,39.31,26800,39.3,U
sh603301,振德医疗,2025-09-17 10:22:30,39.3,10600,39.3,U
sh603301,振德医疗,2025-09-17 10:22:54,39.26,5100,39.27,D
sh603301,振德医疗,2025-09-17 10:23:03,39.24,13000,39.26,E
sh603301,振德医疗,2025-09-17 10:23:45,39.25,12700,39.25,U
sh603301,振德医疗,2025-09-17 10:23:48,39.25,9000,39.25,U
sh603301,振德医疗,2025-09-17 10:23:57,39.28,8200,39.3,D
sh603301,振德医疗,2025-09-17 10:24:00,39.3,6600,39.28,U
sh603301,振德医疗,2025-09-17 10:24:09,39.31,9500,39.31,U
sh603301,振德医疗,2025-09-17 10:24:18,39.33,8400,39.32,U
sh603301,振德医疗,2025-09-17 10:24:21,39.32,32200,39.33,D
sh603301,振德医疗,2025-09-17 10:24:24,39.32,6400,39.32,U
sh603301,振德医疗,2025-09-17 10:24:27,39.32,6600,39.32,U
sh603301,振德医疗,2025-09-17 10:24:51,39.17,6000,39.19,D
sh603301,振德医疗,2025-09-17 10:25:30,39.05,8000,39.12,D
sh603301,振德医疗,2025-09-17 10:26:18,39.06,5400,39.11,D
sh603301,振德医疗,2025-09-17 10:26:21,39.03,11800,39.06,D
sh603301,振德医疗,2025-09-17 10:26:45,38.94,11900,38.94,D
sh603301,振德医疗,2025-09-17 10:27:21,38.93,11800,38.93,D
sh603301,振德医疗,2025-09-17 10:27:57,38.93,6100,38.91,U
sh603301,振德医疗,2025-09-17 10:28:03,39.0,10800,38.91,U
sh603301,振德医疗,2025-09-17 10:28:33,39.09,6000,39.01,U
sh603301,振德医疗,2025-09-17 10:30:18,39.01,5800,39.01,U
sh603301,振德医疗,2025-09-17 10:30:45,39.15,28189,39.08,U
sh603301,振德医疗,2025-09-17 10:31:09,39.13,5400,39.19,D
sh603301,振德医疗,2025-09-17 10:31:12,39.16,25500,39.13,U
sh603301,振德医疗,2025-09-17 10:31:33,39.07,11611,39.11,D
sh603301,振德医疗,2025-09-17 10:32:06,39.08,13800,39.03,U
sh603301,振德医疗,2025-09-17 10:33:06,39.05,8000,39.05,U
sh603301,振德医疗,2025-09-17 10:33:51,38.97,10800,39.0,D
sh603301,振德医疗,2025-09-17 10:35:18,38.98,8300,38.96,U
sh603301,振德医疗,2025-09-17 10:35:27,39.0,5200,38.96,U
sh603301,振德医疗,2025-09-17 10:35:39,38.95,8700,38.96,D
sh603301,振德医疗,2025-09-17 10:35:42,38.96,7100,38.95,U
sh603301,振德医疗,2025-09-17 10:36:00,38.94,8800,38.94,D
sh603301,振德医疗,2025-09-17 10:36:33,38.9,5700,38.84,U
sh603301,振德医疗,2025-09-17 10:36:54,38.81,5600,38.8,U
sh603301,振德医疗,2025-09-17 10:36:57,38.81,12500,38.81,U
sh603301,振德医疗,2025-09-17 10:37:03,38.83,6400,38.82,D
sh603301,振德医疗,2025-09-17 10:39:09,38.84,5700,38.87,D
sh603301,振德医疗,2025-09-17 10:39:18,38.81,8900,38.85,D
sh603301,振德医疗,2025-09-17 10:39:45,38.77,12100,38.8,D
sh603301,振德医疗,2025-09-17 10:39:48,38.77,8900,38.77,U
sh603301,振德医疗,2025-09-17 10:40:03,38.8,8300,38.8,D
sh603301,振德医疗,2025-09-17 10:40:33,38.78,8400,38.75,U
sh603301,振德医疗,2025-09-17 10:41:21,38.81,7000,38.84,D
sh603301,振德医疗,2025-09-17 10:41:27,38.7,12700,38.81,D
sh603301,振德医疗,2025-09-17 10:41:33,38.73,5300,38.74,D
sh603301,振德医疗,2025-09-17 10:43:03,38.78,7100,38.74,U
sh603301,振德医疗,2025-09-17 10:43:33,38.77,6700,38.76,U
sh603301,振德医疗,2025-09-17 10:43:54,38.76,11300,38.75,U
sh603301,振德医疗,2025-09-17 10:43:57,38.78,9200,38.76,U
sh603301,振德医疗,2025-09-17 10:44:00,38.8,5300,38.78,U
sh603301,振德医疗,2025-09-17 10:44:03,38.82,16700,38.8,U
sh603301,振德医疗,2025-09-17 10:45:48,38.83,5500,38.84,D
sh603301,振德医疗,2025-09-17 10:46:00,38.85,6800,38.85,D
sh603301,振德医疗,2025-09-17 10:46:30,38.84,10800,38.81,U
sh603301,振德医疗,2025-09-17 10:46:33,38.82,7100,38.84,E
sh603301,振德医疗,2025-09-17 10:46:36,38.81,12000,38.82,D
sh603301,振德医疗,2025-09-17 10:46:39,38.81,8300,38.81,E
sh603301,振德医疗,2025-09-17 10:46:42,38.8,6700,38.81,D
sh603301,振德医疗,2025-09-17 10:46:48,38.8,6900,38.8,U
sh603301,振德医疗,2025-09-17 10:47:03,38.84,9800,38.81,U
sh603301,振德医疗,2025-09-17 10:47:36,38.83,14989,38.82,U
sh603301,振德医疗,2025-09-17 10:47:57,38.89,8200,38.87,U
sh603301,振德医疗,2025-09-17 10:48:36,38.83,13200,38.83,D
sh603301,振德医疗,2025-09-17 10:48:54,38.81,8900,38.83,D
sh603301,振德医疗,2025-09-17 10:48:57,38.8,6700,38.81,D
sh603301,振德医疗,2025-09-17 10:49:24,38.79,10000,38.81,D
sh603301,振德医疗,2025-09-17 10:49:36,38.79,9600,38.81,D
sh603301,振德医疗,2025-09-17 10:50:00,38.78,8900,38.79,D
sh603301,振德医疗,2025-09-17 10:50:03,38.78,10800,38.78,U
sh603301,振德医疗,2025-09-17 10:50:54,38.89,6400,38.87,U
sh603301,振德医疗,2025-09-17 10:51:36,38.89,7700,38.92,D
sh603301,振德医疗,2025-09-17 10:52:27,38.89,28000,38.9,D
sh603301,振德医疗,2025-09-17 10:53:03,38.88,5200,38.91,D
sh603301,振德医疗,2025-09-17 10:53:06,38.89,28100,38.88,U
sh603301,振德医疗,2025-09-17 10:53:27,38.92,5400,38.94,D
sh603301,振德医疗,2025-09-17 10:53:48,38.96,10900,38.92,U
sh603301,振德医疗,2025-09-17 10:53:57,38.96,6400,38.96,U
sh603301,振德医疗,2025-09-17 10:54:24,39.0,5800,39.0,U
sh603301,振德医疗,2025-09-17 10:54:27,39.0,20400,39.0,U
sh603301,振德医疗,2025-09-17 10:54:30,38.99,9400,39.0,D
sh603301,振德医疗,2025-09-17 10:55:24,38.98,7900,38.99,D
sh603301,振德医疗,2025-09-17 10:58:00,38.97,5300,38.94,U
sh603301,振德医疗,2025-09-17 10:59:03,38.98,5300,38.98,U
sh603301,振德医疗,2025-09-17 10:59:45,39.0,9000,38.98,U
sh603301,振德医疗,2025-09-17 11:00:00,38.99,6100,38.99,D
sh603301,振德医疗,2025-09-17 11:02:24,38.98,10600,38.94,U
sh603301,振德医疗,2025-09-17 11:04:03,38.93,5300,38.92,U
sh603301,振德医疗,2025-09-17 11:04:12,38.96,5400,38.94,U
sh603301,振德医疗,2025-09-17 11:04:48,38.94,5800,38.93,U
sh603301,振德医疗,2025-09-17 11:04:51,38.93,13800,38.94,D
sh603301,振德医疗,2025-09-17 11:05:09,38.91,18500,38.91,U
sh603301,振德医疗,2025-09-17 11:06:39,38.85,6300,38.88,D
sh603301,振德医疗,2025-09-17 11:08:09,38.97,9400,38.9,U
sh603301,振德医疗,2025-09-17 11:08:48,38.96,11400,38.96,D
sh603301,振德医疗,2025-09-17 11:08:51,39.0,58700,38.96,U
sh603301,振德医疗,2025-09-17 11:08:54,39.05,6500,39.0,U
sh603301,振德医疗,2025-09-17 11:08:57,39.0,33300,39.05,D
sh603301,振德医疗,2025-09-17 11:09:09,38.92,17400,38.99,D
sh603301,振德医疗,2025-09-17 11:09:48,38.91,6300,38.91,U
sh603301,振德医疗,2025-09-17 11:10:36,38.99,14300,38.97,U
sh603301,振德医疗,2025-09-17 11:11:48,38.98,5700,38.98,D
sh603301,振德医疗,2025-09-17 11:12:30,38.95,7900,38.97,D
sh603301,振德医疗,2025-09-17 11:13:30,38.97,5400,38.98,D
sh603301,振德医疗,2025-09-17 11:15:24,38.93,7700,38.93,U
sh603301,振德医疗,2025-09-17 11:20:30,38.94,8400,38.94,D
sh603301,振德医疗,2025-09-17 11:21:36,38.92,5200,38.91,U
sh603301,振德医疗,2025-09-17 11:21:51,38.89,10700,38.9,D
sh603301,振德医疗,2025-09-17 11:23:18,38.88,7100,38.89,D
sh603301,振德医疗,2025-09-17 11:23:30,38.9,6000,38.87,U
sh603301,振德医疗,2025-09-17 11:27:33,38.93,9860,38.97,D
sh603301,振德医疗,2025-09-17 13:00:00,38.99,5838,38.99,U
sh603301,振德医疗,2025-09-17 13:00:03,38.99,5200,38.99,D
sh603301,振德医疗,2025-09-17 13:00:06,38.99,36000,38.99,D
sh603301,振德医疗,2025-09-17 13:00:09,39.0,11600,38.99,U
sh603301,振德医疗,2025-09-17 13:00:12,39.0,25400,39.0,U
sh603301,振德医疗,2025-09-17 13:00:15,39.0,9500,39.0,U
sh603301,振德医疗,2025-09-17 13:00:18,39.01,42300,39.0,U
sh603301,振德医疗,2025-09-17 13:00:21,39.0,7300,39.01,D
sh603301,振德医疗,2025-09-17 13:00:39,38.97,7362,39.0,D
sh603301,振德医疗,2025-09-17 13:00:48,38.94,8400,38.96,D
sh603301,振德医疗,2025-09-17 13:01:00,38.95,6600,38.93,U
sh603301,振德医疗,2025-09-17 13:01:06,39.0,15000,38.99,U
sh603301,振德医疗,2025-09-17 13:01:09,39.01,30500,39.0,U
sh603301,振德医疗,2025-09-17 13:01:24,39.08,9000,39.07,U
sh603301,振德医疗,2025-09-17 13:02:27,39.1,6800,39.1,D
sh603301,振德医疗,2025-09-17 13:07:03,39.1,6300,39.14,D
sh603301,振德医疗,2025-09-17 13:07:54,39.1,5800,39.12,D
sh603301,振德医疗,2025-09-17 13:09:21,39.0,10200,39.0,D
sh603301,振德医疗,2025-09-17 13:09:24,39.0,13800,39.0,D
sh603301,振德医疗,2025-09-17 13:10:27,38.96,8500,38.94,U
sh603301,振德医疗,2025-09-17 13:12:54,38.92,9000,38.91,U
sh603301,振德医疗,2025-09-17 13:16:39,38.98,5900,39.0,D
sh603301,振德医疗,2025-09-17 13:19:27,38.86,7500,38.88,D
sh603301,振德医疗,2025-09-17 13:19:54,38.85,7200,38.82,U
sh603301,振德医疗,2025-09-17 13:19:57,38.85,5800,38.85,U
sh603301,振德医疗,2025-09-17 13:20:12,38.77,13000,38.83,D
sh603301,振德医疗,2025-09-17 13:21:03,38.75,15700,38.78,D
sh603301,振德医疗,2025-09-17 13:21:06,38.75,6100,38.75,D
sh603301,振德医疗,2025-09-17 13:22:21,38.79,6800,38.78,U
sh603301,振德医疗,2025-09-17 13:22:51,38.76,6000,38.75,U
sh603301,振德医疗,2025-09-17 13:23:12,38.77,7300,38.76,U
sh603301,振德医疗,2025-09-17 13:23:24,38.77,5900,38.76,U
sh603301,振德医疗,2025-09-17 13:24:06,38.77,5500,38.77,U
sh603301,振德医疗,2025-09-17 13:24:54,38.76,8700,38.75,U
sh603301,振德医疗,2025-09-17 13:25:12,38.83,12600,38.81,U
sh603301,振德医疗,2025-09-17 13:26:00,38.89,10100,38.86,U
sh603301,振德医疗,2025-09-17 13:27:42,38.94,5800,38.94,D
sh603301,振德医疗,2025-09-17 13:29:09,38.91,5800,38.92,D
sh603301,振德医疗,2025-09-17 13:29:12,38.88,10400,38.91,D
sh603301,振德医疗,2025-09-17 13:30:21,38.85,19800,38.89,D
sh603301,振德医疗,2025-09-17 13:30:24,38.91,12200,38.85,U
sh603301,振德医疗,2025-09-17 13:30:30,38.79,5700,38.86,D
sh603301,振德医疗,2025-09-17 13:31:39,38.87,6300,38.87,U
sh603301,振德医疗,2025-09-17 13:32:12,38.86,5600,38.83,U
sh603301,振德医疗,2025-09-17 13:32:15,38.88,5800,38.86,U
sh603301,振德医疗,2025-09-17 13:32:18,38.87,7800,38.88,D
sh603301,振德医疗,2025-09-17 13:34:18,39.02,15800,38.99,U
sh603301,振德医疗,2025-09-17 13:34:21,39.03,6600,39.02,U
sh603301,振德医疗,2025-09-17 13:34:24,39.04,7700,39.03,U
sh603301,振德医疗,2025-09-17 13:34:27,39.05,6500,39.04,E
sh603301,振德医疗,2025-09-17 13:35:54,39.02,9400,39.01,U
sh603301,振德医疗,2025-09-17 13:35:57,39.03,8400,39.02,U
sh603301,振德医疗,2025-09-17 13:36:12,39.02,9100,39.04,D
sh603301,振德医疗,2025-09-17 13:36:18,39.0,7800,39.02,D
sh603301,振德医疗,2025-09-17 13:36:57,38.93,5800,38.97,D
sh603301,振德医疗,2025-09-17 13:38:15,38.86,12900,38.88,D
sh603301,振德医疗,2025-09-17 13:38:33,38.82,10600,38.82,U
sh603301,振德医疗,2025-09-17 13:38:48,38.76,11500,38.82,D
sh603301,振德医疗,2025-09-17 13:39:00,38.79,6200,38.82,E
sh603301,振德医疗,2025-09-17 13:39:03,38.85,14700,38.79,U
sh603301,振德医疗,2025-09-17 13:41:03,38.82,14100,38.85,D
sh603301,振德医疗,2025-09-17 13:41:24,38.84,7000,38.82,U
sh603301,振德医疗,2025-09-17 13:43:36,38.72,10800,38.78,D
sh603301,振德医疗,2025-09-17 13:43:51,38.75,5900,38.74,D
sh603301,振德医疗,2025-09-17 13:44:09,38.79,18600,38.76,U
sh603301,振德医疗,2025-09-17 13:44:48,38.8,8400,38.79,U
sh603301,振德医疗,2025-09-17 13:45:30,38.8,6700,38.81,D
sh603301,振德医疗,2025-09-17 13:46:54,38.83,7100,38.82,U
sh603301,振德医疗,2025-09-17 13:47:09,38.81,5600,38.82,D
sh603301,振德医疗,2025-09-17 13:48:39,38.8,10000,38.78,U
sh603301,振德医疗,2025-09-17 13:48:45,38.82,6700,38.8,U
sh603301,振德医疗,2025-09-17 13:49:33,38.81,15100,38.8,U
sh603301,振德医疗,2025-09-17 13:50:33,38.94,15000,38.97,D
sh603301,振德医疗,2025-09-17 13:51:27,38.99,9700,38.98,U
sh603301,振德医疗,2025-09-17 13:51:30,39.0,7500,38.99,U
sh603301,振德医疗,2025-09-17 13:51:36,39.0,5300,39.0,U
sh603301,振德医疗,2025-09-17 13:52:18,38.98,6200,38.98,D
sh603301,振德医疗,2025-09-17 13:52:36,38.99,9500,38.96,U
sh603301,振德医疗,2025-09-17 13:55:12,38.89,6900,38.9,D
sh603301,振德医疗,2025-09-17 13:55:18,38.89,12600,38.9,D
sh603301,振德医疗,2025-09-17 13:55:39,38.9,10400,38.89,U
sh603301,振德医疗,2025-09-17 13:56:03,38.92,7800,38.92,U
sh603301,振德医疗,2025-09-17 13:57:18,38.87,6800,38.89,D
sh603301,振德医疗,2025-09-17 13:57:54,38.82,5800,38.82,U
sh603301,振德医疗,2025-09-17 13:59:33,38.88,6400,38.89,D
sh603301,振德医疗,2025-09-17 14:00:09,38.92,12300,38.91,U
sh603301,振德医疗,2025-09-17 14:00:27,38.97,8900,38.95,U
sh603301,振德医疗,2025-09-17 14:01:36,38.99,6200,38.98,U
sh603301,振德医疗,2025-09-17 14:02:03,39.0,12400,38.99,U
sh603301,振德医疗,2025-09-17 14:03:27,38.95,5300,38.96,D
sh603301,振德医疗,2025-09-17 14:03:36,38.93,5300,38.95,D
sh603301,振德医疗,2025-09-17 14:05:03,38.99,6600,38.98,U
sh603301,振德医疗,2025-09-17 14:05:18,38.95,5700,38.98,D
sh603301,振德医疗,2025-09-17 14:06:18,38.92,6500,38.92,U
sh603301,振德医疗,2025-09-17 14:07:33,38.9,6900,38.88,U
sh603301,振德医疗,2025-09-17 14:07:54,38.88,7000,38.9,D
sh603301,振德医疗,2025-09-17 14:08:03,38.87,11500,38.88,D
sh603301,振德医疗,2025-09-17 14:08:24,38.87,7100,38.87,D
sh603301,振德医疗,2025-09-17 14:08:51,38.85,6000,38.84,U
sh603301,振德医疗,2025-09-17 14:09:18,38.82,19100,38.83,D
sh603301,振德医疗,2025-09-17 14:09:27,38.83,20000,38.82,U
sh603301,振德医疗,2025-09-17 14:10:33,38.83,6500,38.86,D
sh603301,振德医疗,2025-09-17 14:11:27,38.91,10100,38.91,U
sh603301,振德医疗,2025-09-17 14:12:30,38.97,16200,38.95,U
sh603301,振德医疗,2025-09-17 14:12:51,39.0,7998,38.98,U
sh603301,振德医疗,2025-09-17 14:13:03,39.0,12500,39.0,U
sh603301,振德医疗,2025-09-17 14:13:06,39.05,58000,39.0,U
sh603301,振德医疗,2025-09-17 14:13:09,39.05,5700,39.05,U
sh603301,振德医疗,2025-09-17 14:13:21,39.1,9200,39.08,U
sh603301,振德医疗,2025-09-17 14:13:36,39.09,5500,39.11,D
sh603301,振德医疗,2025-09-17 14:13:39,39.04,13800,39.09,D
sh603301,振德医疗,2025-09-17 14:14:39,39.05,5500,39.05,D
sh603301,振德医疗,2025-09-17 14:15:33,39.07,16600,39.05,U
sh603301,振德医疗,2025-09-17 14:16:03,39.13,5800,39.12,U
sh603301,振德医疗,2025-09-17 14:16:42,39.15,7800,39.14,U
sh603301,振德医疗,2025-09-17 14:16:45,39.16,12200,39.15,U
sh603301,振德医疗,2025-09-17 14:17:03,39.19,14200,39.19,U
sh603301,振德医疗,2025-09-17 14:17:06,39.19,5700,39.19,D
sh603301,振德医疗,2025-09-17 14:19:03,39.2,7200,39.18,U
sh603301,振德医疗,2025-09-17 14:19:06,39.2,11000,39.2,U
sh603301,振德医疗,2025-09-17 14:20:06,39.16,5600,39.2,D
sh603301,振德医疗,2025-09-17 14:21:30,39.1,14200,39.14,D
sh603301,振德医疗,2025-09-17 14:22:03,39.09,6400,39.08,U
sh603301,振德医疗,2025-09-17 14:24:06,39.06,5200,39.09,D
sh603301,振德医疗,2025-09-17 14:24:36,39.02,8100,39.04,D
sh603301,振德医疗,2025-09-17 14:27:03,39.11,11600,39.1,U
sh603301,振德医疗,2025-09-17 14:27:27,39.1,9200,39.13,D
sh603301,振德医疗,2025-09-17 14:28:06,39.08,6700,39.09,D
sh603301,振德医疗,2025-09-17 14:28:42,39.04,22600,39.07,D
sh603301,振德医疗,2025-09-17 14:29:15,39.01,6300,39.01,D
sh603301,振德医疗,2025-09-17 14:29:27,39.02,8300,39.02,D
sh603301,振德医疗,2025-09-17 14:29:30,39.04,12000,39.02,U
sh603301,振德医疗,2025-09-17 14:29:39,39.06,7600,39.05,U
sh603301,振德医疗,2025-09-17 14:30:24,39.06,6800,39.06,U
sh603301,振德医疗,2025-09-17 14:32:30,39.05,13200,39.08,D
sh603301,振德医疗,2025-09-17 14:33:15,39.04,7000,39.04,D
sh603301,振德医疗,2025-09-17 14:34:42,39.03,5800,39.03,U
sh603301,振德医疗,2025-09-17 14:35:06,39.04,7300,39.04,U
sh603301,振德医疗,2025-09-17 14:35:24,39.04,8400,39.03,U
sh603301,振德医疗,2025-09-17 14:36:21,39.08,16200,39.05,U
sh603301,振德医疗,2025-09-17 14:36:39,39.1,11200,39.09,U
sh603301,振德医疗,2025-09-17 14:36:45,39.09,9000,39.1,D
sh603301,振德医疗,2025-09-17 14:36:48,39.07,7400,39.09,D
sh603301,振德医疗,2025-09-17 14:37:03,39.05,8700,39.07,D
sh603301,振德医疗,2025-09-17 14:37:06,39.03,7800,39.05,D
sh603301,振德医疗,2025-09-17 14:37:18,39.02,6400,39.03,D
sh603301,振德医疗,2025-09-17 14:37:45,38.97,89000,39.02,D
sh603301,振德医疗,2025-09-17 14:37:48,38.98,11900,38.97,U
sh603301,振德医疗,2025-09-17 14:38:03,38.96,6500,38.97,D
sh603301,振德医疗,2025-09-17 14:38:45,38.96,10400,38.96,U
sh603301,振德医疗,2025-09-17 14:38:57,38.96,6400,38.95,U
sh603301,振德医疗,2025-09-17 14:39:18,38.97,7400,38.95,U
sh603301,振德医疗,2025-09-17 14:39:51,38.96,8600,38.95,U
sh603301,振德医疗,2025-09-17 14:41:03,39.05,6700,39.05,D
sh603301,振德医疗,2025-09-17 14:41:12,39.05,7800,39.05,D
sh603301,振德医疗,2025-09-17 14:41:39,39.05,5300,39.05,U
sh603301,振德医疗,2025-09-17 14:41:45,39.06,10200,39.05,U
sh603301,振德医疗,2025-09-17 14:41:48,39.07,5600,39.06,U
sh603301,振德医疗,2025-09-17 14:42:09,39.11,12200,39.1,U
sh603301,振德医疗,2025-09-17 14:42:18,39.11,5600,39.12,D
sh603301,振德医疗,2025-09-17 14:42:24,39.12,25400,39.12,U
sh603301,振德医疗,2025-09-17 14:43:18,39.09,5300,39.09,U
sh603301,振德医疗,2025-09-17 14:44:18,39.11,18000,39.09,U
sh603301,振德医疗,2025-09-17 14:44:51,39.12,7500,39.11,U
sh603301,振德医疗,2025-09-17 14:44:54,39.11,9900,39.12,D
sh603301,振德医疗,2025-09-17 14:45:06,39.09,8300,39.1,D
sh603301,振德医疗,2025-09-17 14:45:12,39.08,9400,39.1,D
sh603301,振德医疗,2025-09-17 14:46:06,39.11,5200,39.11,U
sh603301,振德医疗,2025-09-17 14:46:42,39.1,6100,39.1,U
sh603301,振德医疗,2025-09-17 14:46:54,39.15,50200,39.11,U
sh603301,振德医疗,2025-09-17 14:47:03,39.15,5300,39.12,U
sh603301,振德医疗,2025-09-17 14:47:09,39.19,5800,39.17,U
sh603301,振德医疗,2025-09-17 14:47:15,39.2,5400,39.19,U
sh603301,振德医疗,2025-09-17 14:47:18,39.2,9600,39.2,U
sh603301,振德医疗,2025-09-17 14:47:21,39.23,12400,39.2,U
sh603301,振德医疗,2025-09-17 14:47:30,39.25,5500,39.24,U
sh603301,振德医疗,2025-09-17 14:47:33,39.27,6100,39.25,U
sh603301,振德医疗,2025-09-17 14:47:39,39.28,6100,39.27,U
sh603301,振德医疗,2025-09-17 14:47:42,39.24,6000,39.28,D
sh603301,振德医疗,2025-09-17 14:47:45,39.24,7600,39.24,D
sh603301,振德医疗,2025-09-17 14:48:06,39.2,28200,39.24,D
sh603301,振德医疗,2025-09-17 14:49:00,39.14,6200,39.14,U
sh603301,振德医疗,2025-09-17 14:49:06,39.16,14400,39.15,U
sh603301,振德医疗,2025-09-17 14:49:30,39.24,11000,39.2,U
sh603301,振德医疗,2025-09-17 14:49:39,39.22,5100,39.22,D
sh603301,振德医疗,2025-09-17 14:49:45,39.22,23400,39.22,D
sh603301,振德医疗,2025-09-17 14:50:09,39.22,38000,39.22,U
sh603301,振德医疗,2025-09-17 14:50:18,39.21,6200,39.21,U
sh603301,振德医疗,2025-09-17 14:50:21,39.17,25000,39.21,D
sh603301,振德医疗,2025-09-17 14:50:30,39.18,10400,39.19,U
sh603301,振德医疗,2025-09-17 14:50:36,39.24,7600,39.2,U
sh603301,振德医疗,2025-09-17 14:50:45,39.22,10900,39.2,U
sh603301,振德医疗,2025-09-17 14:50:54,39.24,9700,39.22,U
sh603301,振德医疗,2025-09-17 14:50:57,39.22,10300,39.24,D
sh603301,振德医疗,2025-09-17 14:51:03,39.27,12151,39.24,U
sh603301,振德医疗,2025-09-17 14:51:06,39.24,10749,39.27,D
sh603301,振德医疗,2025-09-17 14:51:09,39.28,8951,39.24,U
sh603301,振德医疗,2025-09-17 14:51:27,39.26,5200,39.24,U
sh603301,振德医疗,2025-09-17 14:51:30,39.26,11000,39.26,U
sh603301,振德医疗,2025-09-17 14:51:33,39.28,7600,39.26,U
sh603301,振德医疗,2025-09-17 14:51:42,39.27,9149,39.28,D
sh603301,振德医疗,2025-09-17 14:51:51,39.3,21000,39.28,U
sh603301,振德医疗,2025-09-17 14:51:57,39.3,8200,39.29,U
sh603301,振德医疗,2025-09-17 14:52:00,39.3,7700,39.3,U
sh603301,振德医疗,2025-09-17 14:52:03,39.3,12039,39.3,U
sh603301,振德医疗,2025-09-17 14:52:06,39.36,47400,39.3,U
sh603301,振德医疗,2025-09-17 14:52:18,39.31,7900,39.34,D
sh603301,振德医疗,2025-09-17 14:52:21,39.35,20500,39.31,U
sh603301,振德医疗,2025-09-17 14:52:30,39.37,7400,39.36,U
sh603301,振德医疗,2025-09-17 14:52:33,39.41,20100,39.37,U
sh603301,振德医疗,2025-09-17 14:52:45,39.46,6300,39.47,E
sh603301,振德医疗,2025-09-17 14:52:48,39.43,27700,39.46,D
sh603301,振德医疗,2025-09-17 14:52:57,39.41,6900,39.41,U
sh603301,振德医疗,2025-09-17 14:53:03,39.4,11400,39.41,D
sh603301,振德医疗,2025-09-17 14:53:06,39.4,13000,39.4,D
sh603301,振德医疗,2025-09-17 14:53:09,39.4,6500,39.4,D
sh603301,振德医疗,2025-09-17 14:53:12,39.4,16700,39.4,D
sh603301,振德医疗,2025-09-17 14:53:15,39.4,5400,39.4,U
sh603301,振德医疗,2025-09-17 14:53:21,39.43,12800,39.42,U
sh603301,振德医疗,2025-09-17 14:53:36,39.44,20300,39.43,U
sh603301,振德医疗,2025-09-17 14:53:48,39.45,7500,39.44,U
sh603301,振德医疗,2025-09-17 14:53:54,39.45,10400,39.45,U
sh603301,振德医疗,2025-09-17 14:53:57,39.46,14100,39.45,U
sh603301,振德医疗,2025-09-17 14:54:00,39.49,31300,39.46,U
sh603301,振德医疗,2025-09-17 14:54:03,39.48,8900,39.49,D
sh603301,振德医疗,2025-09-17 14:54:06,39.43,11600,39.48,D
sh603301,振德医疗,2025-09-17 14:54:09,39.43,19800,39.43,D
sh603301,振德医疗,2025-09-17 14:54:12,39.42,12600,39.43,D
sh603301,振德医疗,2025-09-17 14:54:21,39.42,7700,39.41,U
sh603301,振德医疗,2025-09-17 14:54:24,39.42,5600,39.42,U
sh603301,振德医疗,2025-09-17 14:54:27,39.42,44600,39.42,U
sh603301,振德医疗,2025-09-17 14:54:36,39.5,25000,39.44,U
sh603301,振德医疗,2025-09-17 14:54:54,39.48,21800,39.48,U
sh603301,振德医疗,2025-09-17 14:55:00,39.51,6800,39.5,U
sh603301,振德医疗,2025-09-17 14:55:03,39.5,14900,39.51,D
sh603301,振德医疗,2025-09-17 14:55:06,39.48,15100,39.5,D
sh603301,振德医疗,2025-09-17 14:55:09,39.5,11800,39.48,U
sh603301,振德医疗,2025-09-17 14:55:15,39.49,6500,39.5,U
sh603301,振德医疗,2025-09-17 14:55:18,39.48,8300,39.49,D
sh603301,振德医疗,2025-09-17 14:55:21,39.5,22800,39.48,U
sh603301,振德医疗,2025-09-17 14:55:33,39.52,9700,39.52,U
sh603301,振德医疗,2025-09-17 14:55:39,39.51,6100,39.52,D
sh603301,振德医疗,2025-09-17 14:55:42,39.5,9500,39.51,D
sh603301,振德医疗,2025-09-17 14:55:45,39.49,6145,39.5,D
sh603301,振德医疗,2025-09-17 14:55:48,39.52,6100,39.49,U
sh603301,振德医疗,2025-09-17 14:55:51,39.5,7400,39.52,D
sh603301,振德医疗,2025-09-17 14:56:00,39.49,22900,39.5,D
sh603301,振德医疗,2025-09-17 14:56:03,39.49,18855,39.49,D
sh603301,振德医疗,2025-09-17 14:56:06,39.42,11100,39.49,D
sh603301,振德医疗,2025-09-17 14:56:09,39.41,5800,39.42,D
sh603301,振德医疗,2025-09-17 14:56:15,39.42,17400,39.41,U
sh603301,振德医疗,2025-09-17 14:56:18,39.42,7700,39.42,D
sh603301,振德医疗,2025-09-17 14:56:21,39.42,18800,39.42,D
sh603301,振德医疗,2025-09-17 14:56:24,39.42,10500,39.42,D
sh603301,振德医疗,2025-09-17 14:56:27,39.43,8200,39.42,E
sh603301,振德医疗,2025-09-17 14:56:33,39.44,10700,39.43,U
sh603301,振德医疗,2025-09-17 14:56:39,39.44,27400,39.44,U
sh603301,振德医疗,2025-09-17 14:56:42,39.44,5900,39.44,U
sh603301,振德医疗,2025-09-17 14:56:45,39.46,7800,39.44,U
sh603301,振德医疗,2025-09-17 14:56:48,39.42,8600,39.46,D
sh603301,振德医疗,2025-09-17 14:56:54,39.46,5800,39.42,U
sh603301,振德医疗,2025-09-17 15:00:03,39.35,280100,39.47,U
