symbol,name,ticktime,price,volume,prev_price,kind
sh603301,振德医疗,2025-09-26 09:25:01,41.81,90200,0.0,U
sh603301,振德医疗,2025-09-26 09:30:00,42.27,12300,41.81,U
sh603301,振德医疗,2025-09-26 09:30:06,42.26,5400,42.2,E
sh603301,振德医疗,2025-09-26 09:30:09,42.2,8000,42.26,D
sh603301,振德医疗,2025-09-26 09:30:12,42.27,6160,42.2,U
sh603301,振德医疗,2025-09-26 09:30:15,42.3,9100,42.27,D
sh603301,振德医疗,2025-09-26 09:30:18,42.42,13800,42.3,E
sh603301,振德医疗,2025-09-26 09:30:24,42.3,4900,42.42,D
sh603301,振德医疗,2025-09-26 09:30:27,42.58,8800,42.3,U
sh603301,振德医疗,2025-09-26 09:30:33,42.57,11300,42.5,E
sh603301,振德医疗,2025-09-26 09:30:36,42.67,6000,42.57,U
sh603301,振德医疗,2025-09-26 09:30:39,42.48,56700,42.67,D
sh603301,振德医疗,2025-09-26 09:30:42,42.57,14900,42.48,U
sh603301,振德医疗,2025-09-26 09:30:45,42.5,6100,42.57,U
sh603301,振德医疗,2025-09-26 09:30:48,42.72,22000,42.5,U
sh603301,振德医疗,2025-09-26 09:30:51,42.68,7700,42.72,E
sh603301,振德医疗,2025-09-26 09:30:54,42.73,13600,42.68,U
sh603301,振德医疗,2025-09-26 09:30:57,42.75,13751,42.73,E
sh603301,振德医疗,2025-09-26 09:31:00,42.8,17600,42.75,U
sh603301,振德医疗,2025-09-26 09:31:03,42.59,11000,42.8,D
sh603301,振德医疗,2025-09-26 09:31:06,42.67,18700,42.59,U
sh603301,振德医疗,2025-09-26 09:31:09,42.59,6700,42.67,D
sh603301,振德医疗,2025-09-26 09:31:15,42.36,6600,42.56,E
sh603301,振德医疗,2025-09-26 09:31:18,42.58,6000,42.36,U
sh603301,振德医疗,2025-09-26 09:31:24,42.35,8300,42.35,U
sh603301,振德医疗,2025-09-26 09:31:27,42.26,17900,42.35,D
sh603301,振德医疗,2025-09-26 09:31:30,42.26,19800,42.26,D
sh603301,振德医疗,2025-09-26 09:31:33,42.25,5200,42.26,E
sh603301,振德医疗,2025-09-26 09:31:36,41.99,8700,42.25,D
sh603301,振德医疗,2025-09-26 09:31:39,41.99,13900,41.99,U
sh603301,振德医疗,2025-09-26 09:31:42,42.27,18000,41.99,U
sh603301,振德医疗,2025-09-26 09:31:45,42.27,5300,42.27,D
sh603301,振德医疗,2025-09-26 09:32:21,42.01,4800,42.05,D
sh603301,振德医疗,2025-09-26 09:32:24,42.03,12400,42.01,U
sh603301,振德医疗,2025-09-26 09:32:27,42.03,8400,42.03,E
sh603301,振德医疗,2025-09-26 09:32:30,42.21,8900,42.03,U
sh603301,振德医疗,2025-09-26 09:32:42,42.27,6000,42.45,D
sh603301,振德医疗,2025-09-26 09:33:03,42.25,10200,42.3,E
sh603301,振德医疗,2025-09-26 09:33:09,42.05,10400,42.22,D
sh603301,振德医疗,2025-09-26 09:33:12,42.21,13300,42.05,U
sh603301,振德医疗,2025-09-26 09:33:24,41.99,18200,42.03,D
sh603301,振德医疗,2025-09-26 09:33:30,41.98,11500,41.98,D
sh603301,振德医疗,2025-09-26 09:33:36,41.9,7600,41.96,D
sh603301,振德医疗,2025-09-26 09:33:42,41.9,19700,41.95,D
sh603301,振德医疗,2025-09-26 09:33:45,41.95,6900,41.9,E
sh603301,振德医疗,2025-09-26 09:33:54,41.86,8200,41.87,D
sh603301,振德医疗,2025-09-26 09:34:00,41.7,34500,41.85,D
sh603301,振德医疗,2025-09-26 09:34:06,41.63,7300,41.66,D
sh603301,振德医疗,2025-09-26 09:34:09,41.7,46800,41.63,U
sh603301,振德医疗,2025-09-26 09:34:12,41.7,23900,41.7,D
sh603301,振德医疗,2025-09-26 09:34:15,41.65,7400,41.7,D
sh603301,振德医疗,2025-09-26 09:34:18,41.7,13600,41.65,U
sh603301,振德医疗,2025-09-26 09:34:21,41.7,14000,41.7,D
sh603301,振德医疗,2025-09-26 09:34:24,41.7,9500,41.7,D
sh603301,振德医疗,2025-09-26 09:34:27,41.69,5100,41.7,E
sh603301,振德医疗,2025-09-26 09:34:30,41.64,15800,41.69,D
sh603301,振德医疗,2025-09-26 09:34:33,42.06,12700,41.64,U
sh603301,振德医疗,2025-09-26 09:34:36,41.69,6400,42.06,D
sh603301,振德医疗,2025-09-26 09:34:42,41.74,7800,41.64,U
sh603301,振德医疗,2025-09-26 09:34:57,41.9,22400,41.76,U
sh603301,振德医疗,2025-09-26 09:35:00,41.76,9200,41.9,D
sh603301,振德医疗,2025-09-26 09:35:24,41.76,11100,41.73,U
sh603301,振德医疗,2025-09-26 09:35:36,41.7,18000,41.77,D
sh603301,振德医疗,2025-09-26 09:35:39,41.69,11900,41.7,D
sh603301,振德医疗,2025-09-26 09:35:42,41.69,15400,41.69,D
sh603301,振德医疗,2025-09-26 09:35:45,41.7,7200,41.69,E
sh603301,振德医疗,2025-09-26 09:35:48,41.76,6420,41.7,E
sh603301,振德医疗,2025-09-26 09:35:51,41.7,7500,41.76,D
sh603301,振德医疗,2025-09-26 09:36:09,41.7,5100,41.75,D
sh603301,振德医疗,2025-09-26 09:36:21,41.65,9000,41.7,D
sh603301,振德医疗,2025-09-26 09:36:24,41.65,8000,41.65,D
sh603301,振德医疗,2025-09-26 09:36:27,41.63,9300,41.65,D
sh603301,振德医疗,2025-09-26 09:36:30,41.61,8700,41.63,D
sh603301,振德医疗,2025-09-26 09:36:33,41.55,87000,41.61,D
sh603301,振德医疗,2025-09-26 09:36:36,41.5,8600,41.55,D
sh603301,振德医疗,2025-09-26 09:36:39,41.5,17300,41.5,D
sh603301,振德医疗,2025-09-26 09:36:42,41.51,8100,41.5,E
sh603301,振德医疗,2025-09-26 09:36:45,41.5,14900,41.51,D
sh603301,振德医疗,2025-09-26 09:36:48,41.51,14400,41.5,U
sh603301,振德医疗,2025-09-26 09:36:51,41.57,12500,41.51,U
sh603301,振德医疗,2025-09-26 09:37:00,41.56,17300,41.56,E
sh603301,振德医疗,2025-09-26 09:37:03,41.57,8800,41.56,E
sh603301,振德医疗,2025-09-26 09:37:06,41.58,5800,41.57,E
sh603301,振德医疗,2025-09-26 09:37:39,41.76,10700,41.76,D
sh603301,振德医疗,2025-09-26 09:37:57,41.89,6500,41.81,U
sh603301,振德医疗,2025-09-26 09:38:21,41.85,7800,41.81,U
sh603301,振德医疗,2025-09-26 09:38:24,41.86,5700,41.85,U
sh603301,振德医疗,2025-09-26 09:38:54,41.94,5000,41.95,D
sh603301,振德医疗,2025-09-26 09:39:09,41.93,6200,41.93,U
sh603301,振德医疗,2025-09-26 09:40:09,41.75,6000,41.77,D
sh603301,振德医疗,2025-09-26 09:40:21,41.72,9000,41.72,D
sh603301,振德医疗,2025-09-26 09:40:24,41.72,7400,41.72,D
sh603301,振德医疗,2025-09-26 09:40:30,41.76,6900,41.77,E
sh603301,振德医疗,2025-09-26 09:40:39,41.76,9200,41.76,D
sh603301,振德医疗,2025-09-26 09:40:42,41.73,13700,41.76,D
sh603301,振德医疗,2025-09-26 09:40:51,41.72,5700,41.71,E
sh603301,振德医疗,2025-09-26 09:40:54,41.78,7300,41.72,U
sh603301,振德医疗,2025-09-26 09:41:27,41.8,11000,41.75,U
sh603301,振德医疗,2025-09-26 09:42:09,41.7,6400,41.68,U
sh603301,振德医疗,2025-09-26 09:42:45,41.68,9900,41.65,U
sh603301,振德医疗,2025-09-26 09:43:12,41.74,7900,41.76,D
sh603301,振德医疗,2025-09-26 09:43:36,41.61,17500,41.65,D
sh603301,振德医疗,2025-09-26 09:43:39,41.6,10000,41.61,D
sh603301,振德医疗,2025-09-26 09:43:48,41.65,9700,41.6,U
sh603301,振德医疗,2025-09-26 09:44:09,41.58,9800,41.59,D
sh603301,振德医疗,2025-09-26 09:44:33,41.58,15100,41.56,U
sh603301,振德医疗,2025-09-26 09:44:36,41.59,5900,41.58,U
sh603301,振德医疗,2025-09-26 09:44:39,41.57,10600,41.59,D
sh603301,振德医疗,2025-09-26 09:45:00,41.5,35900,41.51,D
sh603301,振德医疗,2025-09-26 09:45:03,41.5,7700,41.5,D
sh603301,振德医疗,2025-09-26 09:45:09,41.46,9000,41.49,D
sh603301,振德医疗,2025-09-26 09:45:12,41.48,26000,41.46,U
sh603301,振德医疗,2025-09-26 09:45:15,41.49,8100,41.48,U
sh603301,振德医疗,2025-09-26 09:45:21,41.53,12300,41.41,U
sh603301,振德医疗,2025-09-26 09:45:27,41.55,6300,41.46,U
sh603301,振德医疗,2025-09-26 09:45:42,41.6,5600,41.55,U
sh603301,振德医疗,2025-09-26 09:46:09,41.69,10400,41.66,U
sh603301,振德医疗,2025-09-26 09:46:18,41.78,11200,41.69,U
sh603301,振德医疗,2025-09-26 09:46:21,41.77,6400,41.78,E
sh603301,振德医疗,2025-09-26 09:46:27,41.8,9000,41.76,U
sh603301,振德医疗,2025-09-26 09:46:48,41.82,5000,41.81,U
sh603301,振德医疗,2025-09-26 09:46:57,41.84,9400,41.83,E
sh603301,振德医疗,2025-09-26 09:47:03,41.88,5200,41.84,U
sh603301,振德医疗,2025-09-26 09:47:24,41.88,4900,41.84,U
sh603301,振德医疗,2025-09-26 09:47:36,41.81,4800,41.8,E
sh603301,振德医疗,2025-09-26 09:47:54,41.89,5700,41.84,U
sh603301,振德医疗,2025-09-26 09:49:18,41.69,5200,41.66,U
sh603301,振德医疗,2025-09-26 09:49:42,41.7,6600,41.79,D
sh603301,振德医疗,2025-09-26 09:49:45,41.65,15900,41.7,D
sh603301,振德医疗,2025-09-26 09:49:51,41.6,15100,41.61,D
sh603301,振德医疗,2025-09-26 09:50:09,41.5,8800,41.55,D
sh603301,振德医疗,2025-09-26 09:50:12,41.5,7800,41.5,U
sh603301,振德医疗,2025-09-26 09:50:18,41.57,6600,41.55,U
sh603301,振德医疗,2025-09-26 09:50:30,41.56,9500,41.65,D
sh603301,振德医疗,2025-09-26 09:50:42,41.55,29800,41.55,D
sh603301,振德医疗,2025-09-26 09:50:45,41.55,24100,41.55,D
sh603301,振德医疗,2025-09-26 09:51:00,41.5,8000,41.5,D
sh603301,振德医疗,2025-09-26 09:51:03,41.5,17300,41.5,U
sh603301,振德医疗,2025-09-26 09:51:06,41.49,5900,41.5,D
sh603301,振德医疗,2025-09-26 09:51:12,41.56,6300,41.5,U
sh603301,振德医疗,2025-09-26 09:51:21,41.57,5100,41.57,D
sh603301,振德医疗,2025-09-26 09:51:27,41.56,5400,41.57,D
sh603301,振德医疗,2025-09-26 09:52:03,41.48,9000,41.51,D
sh603301,振德医疗,2025-09-26 09:52:06,41.47,9200,41.48,D
sh603301,振德医疗,2025-09-26 09:52:12,41.47,8700,41.47,D
sh603301,振德医疗,2025-09-26 09:52:15,41.47,5700,41.47,D
sh603301,振德医疗,2025-09-26 09:52:18,41.51,19100,41.47,U
sh603301,振德医疗,2025-09-26 09:52:30,41.56,7400,41.57,D
sh603301,振德医疗,2025-09-26 09:52:54,41.79,6500,41.74,U
sh603301,振德医疗,2025-09-26 09:54:03,41.83,8500,41.87,D
sh603301,振德医疗,2025-09-26 09:54:06,41.83,8300,41.83,D
sh603301,振德医疗,2025-09-26 09:55:15,41.57,4900,41.58,D
sh603301,振德医疗,2025-09-26 09:55:33,41.59,6300,41.6,D
sh603301,振德医疗,2025-09-26 09:55:42,41.6,6000,41.59,D
sh603301,振德医疗,2025-09-26 09:55:48,41.6,5800,41.6,U
sh603301,振德医疗,2025-09-26 09:56:18,41.56,12800,41.58,D
sh603301,振德医疗,2025-09-26 09:56:27,41.58,11000,41.55,U
sh603301,振德医疗,2025-09-26 09:58:09,41.6,5600,41.6,D
sh603301,振德医疗,2025-09-26 09:58:21,41.62,10300,41.6,U
sh603301,振德医疗,2025-09-26 09:58:36,41.61,6500,41.63,D
sh603301,振德医疗,2025-09-26 10:00:15,41.62,8800,41.6,U
sh603301,振德医疗,2025-09-26 10:00:18,41.66,10700,41.62,U
sh603301,振德医疗,2025-09-26 10:00:21,41.71,5600,41.66,E
sh603301,振德医疗,2025-09-26 10:02:00,41.81,7300,41.85,D
sh603301,振德医疗,2025-09-26 10:02:24,41.84,4800,41.8,U
sh603301,振德医疗,2025-09-26 10:02:27,41.85,6500,41.84,U
sh603301,振德医疗,2025-09-26 10:02:30,41.86,6300,41.85,U
sh603301,振德医疗,2025-09-26 10:02:33,41.88,5000,41.86,U
sh603301,振德医疗,2025-09-26 10:02:54,41.86,16500,41.9,D
sh603301,振德医疗,2025-09-26 10:03:03,41.85,6300,41.89,D
sh603301,振德医疗,2025-09-26 10:03:42,41.86,7000,41.87,D
sh603301,振德医疗,2025-09-26 10:04:00,41.82,8100,41.84,D
sh603301,振德医疗,2025-09-26 10:04:03,41.86,6500,41.82,U
sh603301,振德医疗,2025-09-26 10:04:27,42.0,7000,41.99,U
sh603301,振德医疗,2025-09-26 10:05:03,42.07,6000,42.09,D
sh603301,振德医疗,2025-09-26 10:05:06,42.08,6500,42.07,E
sh603301,振德医疗,2025-09-26 10:07:03,42.01,7800,42.01,D
sh603301,振德医疗,2025-09-26 10:08:21,42.04,6900,41.99,U
sh603301,振德医疗,2025-09-26 10:09:45,41.93,5200,41.93,D
sh603301,振德医疗,2025-09-26 10:09:48,41.93,14900,41.93,D
sh603301,振德医疗,2025-09-26 10:09:54,41.93,7700,41.93,U
sh603301,振德医疗,2025-09-26 10:09:57,41.92,5300,41.93,D
sh603301,振德医疗,2025-09-26 10:10:18,41.93,5400,41.91,U
sh603301,振德医疗,2025-09-26 10:11:39,41.84,5200,41.92,D
sh603301,振德医疗,2025-09-26 10:12:33,42.05,90200,41.85,U
sh603301,振德医疗,2025-09-26 10:12:36,42.08,9100,42.05,U
sh603301,振德医疗,2025-09-26 10:12:45,42.17,5000,42.14,E
sh603301,振德医疗,2025-09-26 10:13:48,42.04,25000,42.12,D
sh603301,振德医疗,2025-09-26 10:14:12,42.07,6200,42.05,U
sh603301,振德医疗,2025-09-26 10:14:15,42.05,5000,42.07,D
sh603301,振德医疗,2025-09-26 10:14:21,42.03,6900,42.04,E
sh603301,振德医疗,2025-09-26 10:14:36,41.96,7600,41.97,E
sh603301,振德医疗,2025-09-26 10:15:27,42.0,5400,42.04,D
sh603301,振德医疗,2025-09-26 10:15:51,42.04,5800,42.11,D
sh603301,振德医疗,2025-09-26 10:16:33,42.05,6400,42.04,U
sh603301,振德医疗,2025-09-26 10:16:57,42.03,7200,42.05,D
sh603301,振德医疗,2025-09-26 10:18:33,42.11,5200,42.06,U
sh603301,振德医疗,2025-09-26 10:18:39,42.11,7200,42.14,D
sh603301,振德医疗,2025-09-26 10:19:06,42.19,8200,42.2,D
sh603301,振德医疗,2025-09-26 10:19:09,42.17,8200,42.19,U
sh603301,振德医疗,2025-09-26 10:19:36,42.13,6000,42.15,E
sh603301,振德医疗,2025-09-26 10:19:39,42.13,5900,42.13,D
sh603301,振德医疗,2025-09-26 10:19:45,42.09,7400,42.13,D
sh603301,振德医疗,2025-09-26 10:20:24,42.0,5100,42.02,D
sh603301,振德医疗,2025-09-26 10:20:57,41.98,5400,41.96,U
sh603301,振德医疗,2025-09-26 10:21:18,42.09,9900,42.04,U
sh603301,振德医疗,2025-09-26 10:21:21,42.2,68600,42.09,U
sh603301,振德医疗,2025-09-26 10:21:57,42.25,4800,42.24,U
sh603301,振德医疗,2025-09-26 10:22:12,42.28,10300,42.27,D
sh603301,振德医疗,2025-09-26 10:22:57,42.24,26000,42.32,D
sh603301,振德医疗,2025-09-26 10:23:33,42.2,7758,42.2,D
sh603301,振德医疗,2025-09-26 10:24:03,42.21,6400,42.23,D
sh603301,振德医疗,2025-09-26 10:24:15,42.21,6500,42.22,E
sh603301,振德医疗,2025-09-26 10:24:48,42.24,11600,42.24,U
sh603301,振德医疗,2025-09-26 10:26:27,42.05,6200,42.11,D
sh603301,振德医疗,2025-09-26 10:27:39,42.21,5000,42.16,U
sh603301,振德医疗,2025-09-26 10:30:33,42.08,8000,42.08,D
sh603301,振德医疗,2025-09-26 10:33:06,42.04,4800,42.04,D
sh603301,振德医疗,2025-09-26 10:33:51,42.12,8000,42.09,U
sh603301,振德医疗,2025-09-26 10:37:48,42.33,11800,42.32,U
sh603301,振德医疗,2025-09-26 10:39:12,42.29,5600,42.27,U
sh603301,振德医疗,2025-09-26 10:39:18,42.32,5000,42.32,U
sh603301,振德医疗,2025-09-26 10:40:00,42.32,5300,42.33,D
sh603301,振德医疗,2025-09-26 10:41:27,42.29,8700,42.26,U
sh603301,振德医疗,2025-09-26 10:41:54,42.36,5600,42.35,U
sh603301,振德医疗,2025-09-26 10:42:27,42.5,6100,42.5,U
sh603301,振德医疗,2025-09-26 10:42:39,42.45,8200,42.45,U
sh603301,振德医疗,2025-09-26 10:42:57,42.45,7700,42.46,D
sh603301,振德医疗,2025-09-26 10:44:30,42.5,17900,42.48,U
sh603301,振德医疗,2025-09-26 10:44:54,42.56,4900,42.57,E
sh603301,振德医疗,2025-09-26 10:44:57,42.58,5100,42.56,U
sh603301,振德医疗,2025-09-26 10:46:21,42.53,6100,42.51,U
sh603301,振德医疗,2025-09-26 10:46:54,42.63,14800,42.63,E
sh603301,振德医疗,2025-09-26 10:47:24,42.6,8600,42.59,U
sh603301,振德医疗,2025-09-26 10:47:54,42.57,5100,42.58,D
sh603301,振德医疗,2025-09-26 10:48:51,42.56,6800,42.54,U
sh603301,振德医疗,2025-09-26 10:49:06,42.54,7600,42.56,D
sh603301,振德医疗,2025-09-26 10:49:12,42.57,7000,42.56,U
sh603301,振德医疗,2025-09-26 10:49:15,42.6,10400,42.57,U
sh603301,振德医疗,2025-09-26 10:49:24,42.5,9600,42.6,D
sh603301,振德医疗,2025-09-26 10:50:27,42.57,12700,42.57,U
sh603301,振德医疗,2025-09-26 10:51:30,42.6,5700,42.59,U
sh603301,振德医疗,2025-09-26 10:51:36,42.66,5000,42.6,U
sh603301,振德医疗,2025-09-26 10:51:39,42.66,4800,42.66,U
sh603301,振德医疗,2025-09-26 10:51:45,42.66,4700,42.66,U
sh603301,振德医疗,2025-09-26 10:51:51,42.66,5100,42.66,U
sh603301,振德医疗,2025-09-26 10:51:54,42.66,7800,42.66,U
sh603301,振德医疗,2025-09-26 10:52:09,42.64,17000,42.67,D
sh603301,振德医疗,2025-09-26 10:53:06,42.62,9300,42.62,D
sh603301,振德医疗,2025-09-26 10:53:57,42.57,7700,42.57,D
sh603301,振德医疗,2025-09-26 10:55:03,42.61,8500,42.59,U
sh603301,振德医疗,2025-09-26 10:55:33,42.72,7000,42.7,U
sh603301,振德医疗,2025-09-26 10:55:51,42.69,6300,42.72,D
sh603301,振德医疗,2025-09-26 10:55:57,42.66,4800,42.67,D
sh603301,振德医疗,2025-09-26 10:56:30,42.66,6000,42.66,D
sh603301,振德医疗,2025-09-26 10:57:15,42.8,18700,42.8,D
sh603301,振德医疗,2025-09-26 10:57:18,42.79,16100,42.8,D
sh603301,振德医疗,2025-09-26 10:57:21,42.81,7000,42.79,U
sh603301,振德医疗,2025-09-26 10:57:51,42.8,6100,42.79,U
sh603301,振德医疗,2025-09-26 10:58:12,42.82,10600,42.82,U
sh603301,振德医疗,2025-09-26 10:58:15,42.82,6500,42.82,U
sh603301,振德医疗,2025-09-26 10:58:36,42.82,5300,42.85,D
sh603301,振德医疗,2025-09-26 10:59:00,42.78,4700,42.77,U
sh603301,振德医疗,2025-09-26 11:00:09,42.77,6000,42.75,U
sh603301,振德医疗,2025-09-26 11:00:12,42.83,8100,42.77,U
sh603301,振德医疗,2025-09-26 11:00:15,42.88,5400,42.83,U
sh603301,振德医疗,2025-09-26 11:00:24,42.9,8300,42.9,U
sh603301,振德医疗,2025-09-26 11:00:54,43.0,19400,42.95,U
sh603301,振德医疗,2025-09-26 11:01:30,43.0,5200,42.99,U
sh603301,振德医疗,2025-09-26 11:01:36,43.02,13780,43.0,U
sh603301,振德医疗,2025-09-26 11:02:03,43.05,11200,43.08,D
sh603301,振德医疗,2025-09-26 11:03:12,43.08,11300,43.05,U
sh603301,振德医疗,2025-09-26 11:03:15,43.2,9600,43.08,U
sh603301,振德医疗,2025-09-26 11:03:36,43.21,6500,43.27,E
sh603301,振德医疗,2025-09-26 11:04:03,43.36,7600,43.35,E
sh603301,振德医疗,2025-09-26 11:04:12,43.15,5600,43.24,D
sh603301,振德医疗,2025-09-26 11:04:33,43.15,6500,43.15,U
sh603301,振德医疗,2025-09-26 11:05:00,43.19,13800,43.24,D
sh603301,振德医疗,2025-09-26 11:06:36,43.0,22700,43.01,D
sh603301,振德医疗,2025-09-26 11:06:42,43.0,5500,42.99,U
sh603301,振德医疗,2025-09-26 11:06:45,43.0,6600,43.0,U
sh603301,振德医疗,2025-09-26 11:06:54,43.01,7100,42.99,U
sh603301,振德医疗,2025-09-26 11:07:30,43.0,7200,43.03,D
sh603301,振德医疗,2025-09-26 11:07:33,43.0,10300,43.0,D
sh603301,振德医疗,2025-09-26 11:08:57,42.89,9500,42.94,D
sh603301,振德医疗,2025-09-26 11:09:15,42.84,7400,42.85,E
sh603301,振德医疗,2025-09-26 11:10:06,42.69,5400,42.69,U
sh603301,振德医疗,2025-09-26 11:10:30,42.74,6900,42.77,D
sh603301,振德医疗,2025-09-26 11:11:45,42.67,4800,42.62,U
sh603301,振德医疗,2025-09-26 11:14:45,42.67,11300,42.59,U
sh603301,振德医疗,2025-09-26 11:15:15,42.63,4700,42.65,D
sh603301,振德医疗,2025-09-26 11:15:48,42.7,8900,42.64,U
sh603301,振德医疗,2025-09-26 11:17:54,42.85,20300,42.77,U
sh603301,振德医疗,2025-09-26 11:19:21,42.94,5400,42.92,U
sh603301,振德医疗,2025-09-26 11:20:15,42.97,5300,42.94,U
sh603301,振德医疗,2025-09-26 11:21:36,42.89,6000,42.84,U
sh603301,振德医疗,2025-09-26 11:21:39,42.92,6200,42.89,U
sh603301,振德医疗,2025-09-26 11:22:21,42.95,13300,43.01,D
sh603301,振德医疗,2025-09-26 11:24:48,42.71,9000,42.71,U
sh603301,振德医疗,2025-09-26 11:26:21,42.74,6300,42.75,D
sh603301,振德医疗,2025-09-26 11:26:27,42.87,13800,42.75,U
sh603301,振德医疗,2025-09-26 11:28:03,42.96,5800,42.93,U
sh603301,振德医疗,2025-09-26 13:00:09,42.84,5500,42.84,D
sh603301,振德医疗,2025-09-26 13:00:12,42.84,7500,42.84,D
sh603301,振德医疗,2025-09-26 13:01:06,42.84,5300,42.85,D
sh603301,振德医疗,2025-09-26 13:02:12,42.86,14800,42.77,U
sh603301,振德医疗,2025-09-26 13:03:03,42.8,6000,42.77,U
sh603301,振德医疗,2025-09-26 13:03:42,42.89,7700,42.85,U
sh603301,振德医疗,2025-09-26 13:03:45,42.93,9200,42.89,U
sh603301,振德医疗,2025-09-26 13:04:09,42.91,6900,42.87,U
sh603301,振德医疗,2025-09-26 13:05:03,42.86,6100,42.95,D
sh603301,振德医疗,2025-09-26 13:05:57,42.95,9700,42.95,E
sh603301,振德医疗,2025-09-26 13:06:12,42.86,5600,42.86,D
sh603301,振德医疗,2025-09-26 13:10:12,42.65,5700,42.66,D
sh603301,振德医疗,2025-09-26 13:14:00,42.61,6300,42.63,D
sh603301,振德医疗,2025-09-26 13:16:18,42.63,16000,42.56,U
sh603301,振德医疗,2025-09-26 13:18:36,42.53,10000,42.56,D
sh603301,振德医疗,2025-09-26 13:24:27,42.54,11400,42.47,U
sh603301,振德医疗,2025-09-26 13:27:54,42.55,9000,42.56,D
sh603301,振德医疗,2025-09-26 13:28:39,42.55,5400,42.56,D
sh603301,振德医疗,2025-09-26 13:28:42,42.54,5800,42.55,D
sh603301,振德医疗,2025-09-26 13:34:39,42.48,58900,42.52,D
sh603301,振德医疗,2025-09-26 13:35:51,42.31,9600,42.31,D
sh603301,振德医疗,2025-09-26 13:36:09,42.31,10900,42.31,D
sh603301,振德医疗,2025-09-26 13:37:36,42.39,9000,42.38,U
sh603301,振德医疗,2025-09-26 13:40:30,42.75,13000,42.43,U
sh603301,振德医疗,2025-09-26 13:40:45,42.75,12900,42.6,U
sh603301,振德医疗,2025-09-26 13:40:51,42.79,11300,42.75,U
sh603301,振德医疗,2025-09-26 13:40:57,42.78,7100,42.71,U
sh603301,振德医疗,2025-09-26 13:43:12,42.56,10400,42.57,D
sh603301,振德医疗,2025-09-26 13:43:27,42.72,5800,42.56,U
sh603301,振德医疗,2025-09-26 13:45:48,42.5,7200,42.51,D
sh603301,振德医疗,2025-09-26 13:45:51,42.5,9900,42.5,D
sh603301,振德医疗,2025-09-26 13:47:45,42.53,6100,42.53,U
sh603301,振德医疗,2025-09-26 13:56:06,42.8,8400,42.76,U
sh603301,振德医疗,2025-09-26 13:56:09,42.82,9700,42.8,U
sh603301,振德医疗,2025-09-26 13:56:54,42.78,5000,42.8,D
sh603301,振德医疗,2025-09-26 13:57:57,42.7,13400,42.74,D
sh603301,振德医疗,2025-09-26 13:58:30,42.79,6600,42.67,U
sh603301,振德医疗,2025-09-26 13:58:39,42.88,13100,42.79,U
sh603301,振德医疗,2025-09-26 13:59:33,42.7,6700,42.76,D
sh603301,振德医疗,2025-09-26 14:00:12,42.73,6500,42.68,U
sh603301,振德医疗,2025-09-26 14:01:54,42.73,53300,42.72,U
sh603301,振德医疗,2025-09-26 14:03:15,42.83,20300,42.83,D
sh603301,振德医疗,2025-09-26 14:03:18,42.85,10200,42.83,E
sh603301,振德医疗,2025-09-26 14:03:42,42.86,5600,42.86,D
sh603301,振德医疗,2025-09-26 14:03:45,42.98,20300,42.86,U
sh603301,振德医疗,2025-09-26 14:04:54,42.91,5000,42.88,U
sh603301,振德医疗,2025-09-26 14:07:06,42.82,11800,42.86,D
sh603301,振德医疗,2025-09-26 14:08:42,42.9,9500,42.86,U
sh603301,振德医疗,2025-09-26 14:09:48,42.92,5400,42.89,U
sh603301,振德医疗,2025-09-26 14:10:18,42.88,6000,42.91,D
sh603301,振德医疗,2025-09-26 14:10:45,42.91,11700,42.8,U
sh603301,振德医疗,2025-09-26 14:12:45,42.71,9700,42.73,D
sh603301,振德医疗,2025-09-26 14:12:48,42.73,6200,42.71,U
sh603301,振德医疗,2025-09-26 14:12:51,42.75,6000,42.73,U
sh603301,振德医疗,2025-09-26 14:20:36,42.79,9500,42.74,U
sh603301,振德医疗,2025-09-26 14:22:06,42.88,24400,42.89,D
sh603301,振德医疗,2025-09-26 14:22:09,42.86,7000,42.88,D
sh603301,振德医疗,2025-09-26 14:22:15,42.88,8600,42.86,U
sh603301,振德医疗,2025-09-26 14:22:48,42.86,5400,42.86,D
sh603301,振德医疗,2025-09-26 14:25:27,42.8,5000,42.83,D
sh603301,振德医疗,2025-09-26 14:25:57,42.81,9100,42.81,D
sh603301,振德医疗,2025-09-26 14:27:21,42.8,5100,42.81,D
sh603301,振德医疗,2025-09-26 14:29:27,42.75,12474,42.75,D
sh603301,振德医疗,2025-09-26 14:29:30,42.75,5600,42.75,D
sh603301,振德医疗,2025-09-26 14:30:21,42.84,7100,42.84,E
sh603301,振德医疗,2025-09-26 14:30:51,42.85,5700,42.84,U
sh603301,振德医疗,2025-09-26 14:32:33,42.79,28500,42.85,D
sh603301,振德医疗,2025-09-26 14:33:33,42.76,10100,42.75,U
sh603301,振德医疗,2025-09-26 14:34:15,42.72,5700,42.72,D
sh603301,振德医疗,2025-09-26 14:34:57,42.61,12200,42.59,U
sh603301,振德医疗,2025-09-26 14:35:57,42.59,23200,42.59,D
sh603301,振德医疗,2025-09-26 14:36:15,42.59,4800,42.6,D
sh603301,振德医疗,2025-09-26 14:36:33,42.65,6500,42.6,U
sh603301,振德医疗,2025-09-26 14:37:03,42.65,7900,42.61,U
sh603301,振德医疗,2025-09-26 14:37:06,42.67,5600,42.65,U
sh603301,振德医疗,2025-09-26 14:37:27,42.74,7000,42.7,U
sh603301,振德医疗,2025-09-26 14:38:27,42.66,7200,42.67,D
sh603301,振德医疗,2025-09-26 14:38:51,42.65,13500,42.68,D
sh603301,振德医疗,2025-09-26 14:39:36,42.63,5400,42.59,U
sh603301,振德医疗,2025-09-26 14:41:09,42.63,5300,42.64,D
sh603301,振德医疗,2025-09-26 14:44:03,42.71,10100,42.69,U
sh603301,振德医疗,2025-09-26 14:44:30,42.73,5000,42.73,U
sh603301,振德医疗,2025-09-26 14:44:42,42.75,5100,42.74,U
sh603301,振德医疗,2025-09-26 14:45:06,42.79,4800,42.81,D
sh603301,振德医疗,2025-09-26 14:45:09,42.81,6300,42.79,U
sh603301,振德医疗,2025-09-26 14:45:39,42.78,16400,42.8,D
sh603301,振德医疗,2025-09-26 14:46:45,42.77,9300,42.78,U
sh603301,振德医疗,2025-09-26 14:47:42,42.82,6600,42.79,U
sh603301,振德医疗,2025-09-26 14:48:06,42.83,14100,42.82,U
sh603301,振德医疗,2025-09-26 14:48:27,42.85,7500,42.85,D
sh603301,振德医疗,2025-09-26 14:48:33,42.85,4700,42.86,U
sh603301,振德医疗,2025-09-26 14:49:00,42.8,7000,42.8,D
sh603301,振德医疗,2025-09-26 14:49:36,42.8,6500,42.77,U
sh603301,振德医疗,2025-09-26 14:49:54,42.8,5400,42.77,U
sh603301,振德医疗,2025-09-26 14:50:03,42.81,5700,42.81,D
sh603301,振德医疗,2025-09-26 14:50:09,42.82,6300,42.83,U
sh603301,振德医疗,2025-09-26 14:50:15,42.78,19600,42.82,D
sh603301,振德医疗,2025-09-26 14:50:18,42.77,6300,42.78,D
sh603301,振德医疗,2025-09-26 14:50:33,42.75,13500,42.79,D
sh603301,振德医疗,2025-09-26 14:50:39,42.8,12500,42.74,U
sh603301,振德医疗,2025-09-26 14:50:45,42.8,10300,42.8,U
sh603301,振德医疗,2025-09-26 14:50:54,42.82,5700,42.79,U
sh603301,振德医疗,2025-09-26 14:51:03,42.82,6800,42.82,U
sh603301,振德医疗,2025-09-26 14:51:06,42.81,10700,42.82,D
sh603301,振德医疗,2025-09-26 14:51:09,42.77,6600,42.81,D
sh603301,振德医疗,2025-09-26 14:51:12,42.76,5700,42.77,D
sh603301,振德医疗,2025-09-26 14:51:15,42.75,9800,42.76,D
sh603301,振德医疗,2025-09-26 14:51:33,42.8,9800,42.81,D
sh603301,振德医疗,2025-09-26 14:51:42,42.8,5900,42.79,U
sh603301,振德医疗,2025-09-26 14:51:48,42.76,4800,42.8,D
sh603301,振德医疗,2025-09-26 14:51:57,42.81,9300,42.8,U
sh603301,振德医疗,2025-09-26 14:52:03,42.8,10900,42.8,D
sh603301,振德医疗,2025-09-26 14:52:15,42.77,10300,42.79,U
sh603301,振德医疗,2025-09-26 14:52:18,42.81,11400,42.77,U
sh603301,振德医疗,2025-09-26 14:52:24,42.81,11200,42.8,U
sh603301,振德医疗,2025-09-26 14:52:30,42.84,25800,42.81,U
sh603301,振德医疗,2025-09-26 14:52:33,42.84,12200,42.84,E
sh603301,振德医疗,2025-09-26 14:52:36,42.85,8300,42.84,U
sh603301,振德医疗,2025-09-26 14:52:39,42.85,9300,42.85,U
sh603301,振德医疗,2025-09-26 14:52:42,42.85,10500,42.85,D
sh603301,振德医疗,2025-09-26 14:52:45,42.86,10300,42.85,U
sh603301,振德医疗,2025-09-26 14:52:48,42.84,6500,42.86,D
sh603301,振德医疗,2025-09-26 14:52:51,42.84,7900,42.84,U
sh603301,振德医疗,2025-09-26 14:52:57,42.84,15600,42.84,U
sh603301,振德医疗,2025-09-26 14:53:00,42.84,8600,42.84,U
sh603301,振德医疗,2025-09-26 14:53:06,42.84,5600,42.82,U
sh603301,振德医疗,2025-09-26 14:53:09,42.81,21100,42.84,D
sh603301,振德医疗,2025-09-26 14:53:12,42.74,26100,42.81,D
sh603301,振德医疗,2025-09-26 14:53:15,42.67,21500,42.74,D
sh603301,振德医疗,2025-09-26 14:53:30,42.66,5000,42.66,E
sh603301,振德医疗,2025-09-26 14:53:33,42.7,4700,42.66,U
sh603301,振德医疗,2025-09-26 14:53:48,42.75,6200,42.7,U
sh603301,振德医疗,2025-09-26 14:53:51,42.71,6000,42.75,D
sh603301,振德医疗,2025-09-26 14:54:12,42.81,11200,42.75,U
sh603301,振德医疗,2025-09-26 14:54:15,42.75,5700,42.81,D
sh603301,振德医疗,2025-09-26 14:54:33,42.8,16000,42.79,U
sh603301,振德医疗,2025-09-26 14:54:42,42.78,10800,42.78,E
sh603301,振德医疗,2025-09-26 14:54:48,42.78,12300,42.78,U
sh603301,振德医疗,2025-09-26 14:54:54,42.82,11000,42.79,U
sh603301,振德医疗,2025-09-26 14:55:00,42.83,16600,42.82,U
sh603301,振德医疗,2025-09-26 14:55:06,42.83,11900,42.81,U
sh603301,振德医疗,2025-09-26 14:55:09,42.81,6800,42.83,U
sh603301,振德医疗,2025-09-26 14:55:15,42.82,9400,42.8,U
sh603301,振德医疗,2025-09-26 14:55:18,42.8,4700,42.82,E
sh603301,振德医疗,2025-09-26 14:55:27,42.82,10200,42.81,U
sh603301,振德医疗,2025-09-26 14:55:33,42.81,7800,42.81,U
sh603301,振德医疗,2025-09-26 14:55:39,42.81,5500,42.81,D
sh603301,振德医疗,2025-09-26 14:55:48,42.8,12100,42.81,D
sh603301,振德医疗,2025-09-26 14:55:54,42.8,6900,42.81,D
sh603301,振德医疗,2025-09-26 14:55:57,42.81,4900,42.8,U
sh603301,振德医疗,2025-09-26 14:56:00,42.81,9500,42.81,E
sh603301,振德医疗,2025-09-26 14:56:03,42.78,6800,42.81,D
sh603301,振德医疗,2025-09-26 14:56:06,42.68,30200,42.78,D
sh603301,振德医疗,2025-09-26 14:56:09,42.63,8900,42.68,D
sh603301,振德医疗,2025-09-26 14:56:12,42.58,13900,42.63,D
sh603301,振德医疗,2025-09-26 14:56:15,42.59,6000,42.58,E
sh603301,振德医疗,2025-09-26 14:56:18,42.53,7700,42.59,D
sh603301,振德医疗,2025-09-26 14:56:24,42.6,12200,42.55,U
sh603301,振德医疗,2025-09-26 14:56:36,42.7,6700,42.67,U
sh603301,振德医疗,2025-09-26 14:56:45,42.78,4900,42.73,U
sh603301,振德医疗,2025-09-26 14:56:48,42.81,40100,42.78,U
sh603301,振德医疗,2025-09-26 14:56:57,42.82,5000,42.79,U
sh603301,振德医疗,2025-09-26 14:57:00,42.81,24200,42.82,E
sh603301,振德医疗,2025-09-26 15:00:03,42.83,217200,42.81,U
