symbol,name,ticktime,price,volume,prev_price,kind
sh603301,振德医疗,2025-09-30 09:25:00,43.55,33000,0.0,U
sh603301,振德医疗,2025-09-30 09:30:10,43.6,5800,43.65,E
sh603301,振德医疗,2025-09-30 09:30:16,43.59,4700,43.63,D
sh603301,振德医疗,2025-09-30 09:30:19,43.59,12100,43.59,D
sh603301,振德医疗,2025-09-30 09:30:22,43.59,10700,43.59,D
sh603301,振德医疗,2025-09-30 09:30:34,43.63,6700,43.62,U
sh603301,振德医疗,2025-09-30 09:30:37,43.59,7100,43.63,D
sh603301,振德医疗,2025-09-30 09:30:40,43.69,28200,43.59,U
sh603301,振德医疗,2025-09-30 09:30:43,43.7,14600,43.69,U
sh603301,振德医疗,2025-09-30 09:30:55,43.7,4900,43.71,D
sh603301,振德医疗,2025-09-30 09:30:58,43.78,16400,43.7,U
sh603301,振德医疗,2025-09-30 09:31:28,43.86,6900,43.9,D
sh603301,振德医疗,2025-09-30 09:31:34,44.0,10000,43.93,U
sh603301,振德医疗,2025-09-30 09:31:37,44.0,58100,44.0,U
sh603301,振德医疗,2025-09-30 09:31:40,44.0,51800,44.0,U
sh603301,振德医疗,2025-09-30 09:31:43,44.0,12800,44.0,U
sh603301,振德医疗,2025-09-30 09:31:52,44.2,5500,44.13,U
sh603301,振德医疗,2025-09-30 09:31:55,44.2,6800,44.2,U
sh603301,振德医疗,2025-09-30 09:31:58,44.19,8400,44.2,D
sh603301,振德医疗,2025-09-30 09:32:01,44.19,14900,44.19,U
sh603301,振德医疗,2025-09-30 09:32:04,44.03,5600,44.19,D
sh603301,振德医疗,2025-09-30 09:32:07,43.9,17500,44.03,D
sh603301,振德医疗,2025-09-30 09:32:10,43.81,6600,43.9,D
sh603301,振德医疗,2025-09-30 09:32:16,43.87,4800,43.83,U
sh603301,振德医疗,2025-09-30 09:32:25,43.7,17400,43.77,D
sh603301,振德医疗,2025-09-30 09:32:49,43.58,4600,43.58,D
sh603301,振德医疗,2025-09-30 09:32:58,43.61,11500,43.57,U
sh603301,振德医疗,2025-09-30 09:33:01,43.6,6500,43.61,D
sh603301,振德医疗,2025-09-30 09:33:04,43.59,10100,43.6,D
sh603301,振德医疗,2025-09-30 09:33:25,43.89,32600,43.76,U
sh603301,振德医疗,2025-09-30 09:33:28,44.0,12100,43.89,U
sh603301,振德医疗,2025-09-30 09:33:31,44.02,10000,44.0,U
sh603301,振德医疗,2025-09-30 09:33:49,44.04,8400,44.11,D
sh603301,振德医疗,2025-09-30 09:33:58,43.97,5500,44.01,D
sh603301,振德医疗,2025-09-30 09:34:01,44.06,11500,43.97,U
sh603301,振德医疗,2025-09-30 09:34:13,44.06,5600,44.07,D
sh603301,振德医疗,2025-09-30 09:34:19,44.05,6300,44.01,E
sh603301,振德医疗,2025-09-30 09:35:31,43.8,5600,43.8,D
sh603301,振德医疗,2025-09-30 09:36:10,44.01,14400,43.85,U
sh603301,振德医疗,2025-09-30 09:36:25,44.06,6800,44.04,U
sh603301,振德医疗,2025-09-30 09:36:31,44.08,9600,44.06,U
sh603301,振德医疗,2025-09-30 09:36:58,44.04,6700,44.05,D
sh603301,振德医疗,2025-09-30 09:37:01,44.0,5400,44.04,D
sh603301,振德医疗,2025-09-30 09:37:22,44.03,13600,43.95,U
sh603301,振德医疗,2025-09-30 09:37:34,44.05,4800,44.03,E
sh603301,振德医疗,2025-09-30 09:37:37,44.13,10100,44.05,U
sh603301,振德医疗,2025-09-30 09:38:43,44.01,8700,44.0,U
sh603301,振德医疗,2025-09-30 09:38:55,44.05,15200,44.05,D
sh603301,振德医疗,2025-09-30 09:39:01,44.27,28600,44.08,U
sh603301,振德医疗,2025-09-30 09:39:04,44.35,6000,44.27,U
sh603301,振德医疗,2025-09-30 09:39:10,44.32,5400,44.38,D
sh603301,振德医疗,2025-09-30 09:39:13,44.32,6700,44.32,D
sh603301,振德医疗,2025-09-30 09:39:37,44.28,36900,44.21,U
sh603301,振德医疗,2025-09-30 09:39:40,44.33,8400,44.28,U
sh603301,振德医疗,2025-09-30 09:39:58,44.34,5700,44.34,U
sh603301,振德医疗,2025-09-30 09:40:04,44.34,4800,44.34,U
sh603301,振德医疗,2025-09-30 09:40:07,44.34,9300,44.34,D
sh603301,振德医疗,2025-09-30 09:40:10,44.39,10700,44.34,U
sh603301,振德医疗,2025-09-30 09:40:16,44.42,11500,44.39,U
sh603301,振德医疗,2025-09-30 09:40:19,44.48,10400,44.42,U
sh603301,振德医疗,2025-09-30 09:40:22,44.49,7000,44.48,U
sh603301,振德医疗,2025-09-30 09:40:28,44.52,5700,44.5,U
sh603301,振德医疗,2025-09-30 09:40:37,44.52,6500,44.5,U
sh603301,振德医疗,2025-09-30 09:40:40,44.52,10100,44.52,U
sh603301,振德医疗,2025-09-30 09:40:49,44.54,7100,44.56,D
sh603301,振德医疗,2025-09-30 09:40:52,44.57,6100,44.54,D
sh603301,振德医疗,2025-09-30 09:41:01,44.47,26500,44.55,D
sh603301,振德医疗,2025-09-30 09:41:16,44.4,7200,44.36,E
sh603301,振德医疗,2025-09-30 09:41:19,44.4,12400,44.4,D
sh603301,振德医疗,2025-09-30 09:41:25,44.56,7900,44.43,U
sh603301,振德医疗,2025-09-30 09:41:28,44.52,5500,44.56,D
sh603301,振德医疗,2025-09-30 09:41:31,44.54,12300,44.52,E
sh603301,振德医疗,2025-09-30 09:41:34,44.56,5300,44.54,U
sh603301,振德医疗,2025-09-30 09:41:46,44.46,16300,44.5,D
sh603301,振德医疗,2025-09-30 09:42:19,44.28,6200,44.31,D
sh603301,振德医疗,2025-09-30 09:42:37,44.3,14800,44.27,U
sh603301,振德医疗,2025-09-30 09:42:46,44.3,4700,44.3,D
sh603301,振德医疗,2025-09-30 09:42:49,44.4,8200,44.3,U
sh603301,振德医疗,2025-09-30 09:43:28,44.46,12900,44.42,U
sh603301,振德医疗,2025-09-30 09:43:58,44.44,5400,44.41,U
sh603301,振德医疗,2025-09-30 09:44:07,44.44,8300,44.43,U
sh603301,振德医疗,2025-09-30 09:44:52,44.36,5600,44.38,D
sh603301,振德医疗,2025-09-30 09:45:01,44.49,18100,44.42,U
sh603301,振德医疗,2025-09-30 09:45:04,44.55,24000,44.49,U
sh603301,振德医疗,2025-09-30 09:45:07,44.56,15600,44.55,U
sh603301,振德医疗,2025-09-30 09:45:16,44.57,6900,44.56,U
sh603301,振德医疗,2025-09-30 09:45:19,44.77,54300,44.57,U
sh603301,振德医疗,2025-09-30 09:45:28,44.8,10100,44.8,U
sh603301,振德医疗,2025-09-30 09:45:40,44.82,6200,44.83,D
sh603301,振德医疗,2025-09-30 09:45:46,44.82,10500,44.82,U
sh603301,振德医疗,2025-09-30 09:45:49,44.83,8700,44.82,U
sh603301,振德医疗,2025-09-30 09:45:52,44.82,7400,44.83,D
sh603301,振德医疗,2025-09-30 09:45:58,44.82,5200,44.82,U
sh603301,振德医疗,2025-09-30 09:46:04,44.98,33800,44.83,U
sh603301,振德医疗,2025-09-30 09:46:07,44.94,7500,44.98,D
sh603301,振德医疗,2025-09-30 09:46:10,45.06,92600,44.94,U
sh603301,振德医疗,2025-09-30 09:46:22,45.2,11500,45.17,U
sh603301,振德医疗,2025-09-30 09:46:28,45.21,5800,45.2,U
sh603301,振德医疗,2025-09-30 09:46:34,45.22,13800,45.3,D
sh603301,振德医疗,2025-09-30 09:46:37,45.3,9600,45.22,U
sh603301,振德医疗,2025-09-30 09:46:40,45.33,6600,45.3,U
sh603301,振德医疗,2025-09-30 09:46:43,45.32,19900,45.33,E
sh603301,振德医疗,2025-09-30 09:46:46,45.53,4400,45.32,U
sh603301,振德医疗,2025-09-30 09:46:55,45.48,5300,45.49,D
sh603301,振德医疗,2025-09-30 09:46:58,45.35,7800,45.48,D
sh603301,振德医疗,2025-09-30 09:47:01,45.46,12700,45.35,U
sh603301,振德医疗,2025-09-30 09:47:10,45.41,5100,45.36,U
sh603301,振德医疗,2025-09-30 09:47:13,45.51,16400,45.41,U
sh603301,振德医疗,2025-09-30 09:47:16,45.54,14100,45.51,U
sh603301,振德医疗,2025-09-30 09:47:22,45.77,13700,45.72,U
sh603301,振德医疗,2025-09-30 09:47:28,45.85,13000,45.8,U
sh603301,振德医疗,2025-09-30 09:47:31,45.9,10100,45.85,U
sh603301,振德医疗,2025-09-30 09:47:37,45.95,14300,45.95,U
sh603301,振德医疗,2025-09-30 09:47:40,46.0,10300,45.95,U
sh603301,振德医疗,2025-09-30 09:47:43,45.98,17100,46.0,E
sh603301,振德医疗,2025-09-30 09:47:46,45.9,13100,45.98,D
sh603301,振德医疗,2025-09-30 09:47:49,45.77,15200,45.9,D
sh603301,振德医疗,2025-09-30 09:47:52,45.77,107900,45.77,U
sh603301,振德医疗,2025-09-30 09:47:55,45.88,24600,45.77,E
sh603301,振德医疗,2025-09-30 09:47:58,46.0,5500,45.88,U
sh603301,振德医疗,2025-09-30 09:48:01,45.95,6500,46.0,D
sh603301,振德医疗,2025-09-30 09:48:04,45.95,10200,45.95,U
sh603301,振德医疗,2025-09-30 09:48:07,45.77,12700,45.95,D
sh603301,振德医疗,2025-09-30 09:48:10,45.94,7600,45.77,U
sh603301,振德医疗,2025-09-30 09:48:13,45.84,7500,45.94,D
sh603301,振德医疗,2025-09-30 09:48:19,45.9,9300,45.92,E
sh603301,振德医疗,2025-09-30 09:48:22,45.84,13900,45.9,D
sh603301,振德医疗,2025-09-30 09:48:28,45.73,4900,45.82,D
sh603301,振德医疗,2025-09-30 09:48:34,45.52,4400,45.52,D
sh603301,振德医疗,2025-09-30 09:48:37,45.53,12500,45.52,E
sh603301,振德医疗,2025-09-30 09:48:40,45.62,8800,45.53,U
sh603301,振德医疗,2025-09-30 09:48:43,45.64,7900,45.62,E
sh603301,振德医疗,2025-09-30 09:48:55,45.69,14100,45.65,E
sh603301,振德医疗,2025-09-30 09:49:01,45.52,11000,45.6,D
sh603301,振德医疗,2025-09-30 09:49:04,45.57,22200,45.52,U
sh603301,振德医疗,2025-09-30 09:49:10,45.45,4500,45.45,U
sh603301,振德医疗,2025-09-30 09:49:13,45.4,8700,45.45,D
sh603301,振德医疗,2025-09-30 09:49:37,45.36,54060,45.23,U
sh603301,振德医疗,2025-09-30 09:49:40,45.4,5100,45.36,U
sh603301,振德医疗,2025-09-30 09:49:43,45.41,5900,45.4,U
sh603301,振德医疗,2025-09-30 09:49:52,45.42,14400,45.47,D
sh603301,振德医疗,2025-09-30 09:49:55,45.4,4600,45.42,D
sh603301,振德医疗,2025-09-30 09:49:58,45.4,9200,45.4,U
sh603301,振德医疗,2025-09-30 09:50:01,45.37,7800,45.4,U
sh603301,振德医疗,2025-09-30 09:50:07,45.28,5100,45.3,D
sh603301,振德医疗,2025-09-30 09:50:13,45.32,21600,45.25,U
sh603301,振德医疗,2025-09-30 09:50:19,45.37,10700,45.37,D
sh603301,振德医疗,2025-09-30 09:50:22,45.36,5300,45.37,D
sh603301,振德医疗,2025-09-30 09:50:28,45.28,7800,45.34,D
sh603301,振德医疗,2025-09-30 09:50:31,45.28,29000,45.28,U
sh603301,振德医疗,2025-09-30 09:50:34,45.18,4900,45.28,D
sh603301,振德医疗,2025-09-30 09:50:40,45.25,23800,45.12,U
sh603301,振德医疗,2025-09-30 09:50:43,45.28,16700,45.25,U
sh603301,振德医疗,2025-09-30 09:50:55,45.19,6800,45.2,D
sh603301,振德医疗,2025-09-30 09:51:01,44.83,17500,45.11,D
sh603301,振德医疗,2025-09-30 09:51:10,45.05,8100,45.06,E
sh603301,振德医疗,2025-09-30 09:51:19,45.04,12500,45.06,D
sh603301,振德医疗,2025-09-30 09:51:22,44.96,5300,45.04,D
sh603301,振德医疗,2025-09-30 09:51:25,44.83,5300,44.96,D
sh603301,振德医疗,2025-09-30 09:51:28,44.83,7100,44.83,D
sh603301,振德医疗,2025-09-30 09:51:37,44.79,20400,44.83,E
sh603301,振德医疗,2025-09-30 09:51:58,44.85,7600,44.85,D
sh603301,振德医疗,2025-09-30 09:52:01,44.84,12500,44.85,D
sh603301,振德医疗,2025-09-30 09:52:04,44.75,10600,44.84,D
sh603301,振德医疗,2025-09-30 09:52:07,44.8,4800,44.75,U
sh603301,振德医疗,2025-09-30 09:52:10,44.79,10100,44.8,E
sh603301,振德医疗,2025-09-30 09:52:34,44.84,12800,44.87,D
sh603301,振德医疗,2025-09-30 09:52:40,44.83,7400,44.83,U
sh603301,振德医疗,2025-09-30 09:52:55,44.76,35500,44.83,D
sh603301,振德医疗,2025-09-30 09:52:58,44.71,13100,44.76,D
sh603301,振德医疗,2025-09-30 09:53:01,44.69,6700,44.71,D
sh603301,振德医疗,2025-09-30 09:53:04,44.62,11800,44.69,D
sh603301,振德医疗,2025-09-30 09:53:07,44.6,6500,44.62,D
sh603301,振德医疗,2025-09-30 09:53:43,44.67,4600,44.67,U
sh603301,振德医疗,2025-09-30 09:54:10,44.91,6200,44.83,U
sh603301,振德医疗,2025-09-30 09:54:16,45.11,12800,45.08,U
sh603301,振德医疗,2025-09-30 09:54:22,45.2,14400,45.12,U
sh603301,振德医疗,2025-09-30 09:54:25,45.2,8500,45.2,D
sh603301,振德医疗,2025-09-30 09:54:31,45.28,8200,45.25,U
sh603301,振德医疗,2025-09-30 09:54:43,45.25,4900,45.25,D
sh603301,振德医疗,2025-09-30 09:54:52,45.2,9099,45.25,D
sh603301,振德医疗,2025-09-30 09:54:55,45.17,26200,45.2,D
sh603301,振德医疗,2025-09-30 09:55:04,45.03,27300,45.03,D
sh603301,振德医疗,2025-09-30 09:55:07,45.26,7900,45.03,U
sh603301,振德医疗,2025-09-30 09:55:40,45.28,5100,45.23,U
sh603301,振德医疗,2025-09-30 09:55:43,45.33,34200,45.28,U
sh603301,振德医疗,2025-09-30 09:55:58,45.58,17800,45.47,U
sh603301,振德医疗,2025-09-30 09:56:04,45.6,24700,45.6,U
sh603301,振德医疗,2025-09-30 09:56:07,45.6,9200,45.6,U
sh603301,振德医疗,2025-09-30 09:56:10,45.55,6500,45.6,D
sh603301,振德医疗,2025-09-30 09:56:13,45.69,41100,45.55,U
sh603301,振德医疗,2025-09-30 09:56:19,45.57,7300,45.56,D
sh603301,振德医疗,2025-09-30 09:56:28,45.64,5700,45.6,U
sh603301,振德医疗,2025-09-30 09:56:37,45.62,5400,45.64,D
sh603301,振德医疗,2025-09-30 09:56:40,45.62,5600,45.62,U
sh603301,振德医疗,2025-09-30 09:56:43,45.57,14200,45.62,D
sh603301,振德医疗,2025-09-30 09:56:46,45.64,13600,45.57,D
sh603301,振德医疗,2025-09-30 09:56:49,45.65,11500,45.64,E
sh603301,振德医疗,2025-09-30 09:57:01,45.59,14900,45.62,D
sh603301,振德医疗,2025-09-30 09:57:10,45.45,9800,45.44,U
sh603301,振德医疗,2025-09-30 09:57:16,45.33,5500,45.32,E
sh603301,振德医疗,2025-09-30 09:57:22,45.4,4800,45.27,U
sh603301,振德医疗,2025-09-30 09:57:28,45.46,9600,45.4,U
sh603301,振德医疗,2025-09-30 09:57:34,45.46,5600,45.47,D
sh603301,振德医疗,2025-09-30 09:57:37,45.46,10900,45.46,D
sh603301,振德医疗,2025-09-30 09:57:43,45.47,5100,45.46,E
sh603301,振德医疗,2025-09-30 09:57:46,45.44,10500,45.47,D
sh603301,振德医疗,2025-09-30 09:57:52,45.43,4600,45.44,D
sh603301,振德医疗,2025-09-30 09:58:07,45.41,5300,45.4,U
sh603301,振德医疗,2025-09-30 09:58:19,45.41,9200,45.34,U
sh603301,振德医疗,2025-09-30 09:59:13,45.41,4600,45.41,U
sh603301,振德医疗,2025-09-30 09:59:16,45.6,27000,45.41,U
sh603301,振德医疗,2025-09-30 09:59:25,45.55,6700,45.61,D
sh603301,振德医疗,2025-09-30 09:59:28,45.63,5100,45.55,U
sh603301,振德医疗,2025-09-30 09:59:31,45.66,11600,45.63,U
sh603301,振德医疗,2025-09-30 09:59:46,45.68,7100,45.69,E
sh603301,振德医疗,2025-09-30 09:59:49,45.69,13300,45.68,U
sh603301,振德医疗,2025-09-30 10:00:01,45.63,4600,45.63,D
sh603301,振德医疗,2025-09-30 10:00:22,45.62,6000,45.58,U
sh603301,振德医疗,2025-09-30 10:00:25,45.69,13900,45.62,U
sh603301,振德医疗,2025-09-30 10:00:28,45.74,6300,45.69,U
sh603301,振德医疗,2025-09-30 10:00:46,45.77,6600,45.78,D
sh603301,振德医疗,2025-09-30 10:00:52,45.69,8500,45.75,D
sh603301,振德医疗,2025-09-30 10:00:58,45.73,18000,45.69,U
sh603301,振德医疗,2025-09-30 10:01:22,45.76,8400,45.75,U
sh603301,振德医疗,2025-09-30 10:01:25,45.75,4900,45.76,E
sh603301,振德医疗,2025-09-30 10:01:34,45.74,6300,45.69,U
sh603301,振德医疗,2025-09-30 10:01:43,45.73,4800,45.69,U
sh603301,振德医疗,2025-09-30 10:02:34,45.59,7100,45.6,D
sh603301,振德医疗,2025-09-30 10:02:49,45.5,6600,45.5,D
sh603301,振德医疗,2025-09-30 10:02:55,45.47,17200,45.5,D
sh603301,振德医疗,2025-09-30 10:02:58,45.56,8200,45.47,U
sh603301,振德医疗,2025-09-30 10:03:13,45.69,20100,45.62,U
sh603301,振德医疗,2025-09-30 10:03:16,45.73,5000,45.69,U
sh603301,振德医疗,2025-09-30 10:03:22,45.72,6700,45.72,U
sh603301,振德医疗,2025-09-30 10:04:10,45.7,8000,45.67,U
sh603301,振德医疗,2025-09-30 10:04:13,45.72,4500,45.7,U
sh603301,振德医疗,2025-09-30 10:04:25,45.74,4500,45.73,U
sh603301,振德医疗,2025-09-30 10:05:10,45.66,5800,45.64,U
sh603301,振德医疗,2025-09-30 10:05:16,45.61,6300,45.63,D
sh603301,振德医疗,2025-09-30 10:05:22,45.66,9800,45.66,U
sh603301,振德医疗,2025-09-30 10:05:34,45.69,5700,45.7,U
sh603301,振德医疗,2025-09-30 10:05:46,45.66,5100,45.68,D
sh603301,振德医疗,2025-09-30 10:06:22,45.69,5200,45.69,U
sh603301,振德医疗,2025-09-30 10:06:37,45.73,29000,45.69,U
sh603301,振德医疗,2025-09-30 10:06:40,45.72,22300,45.73,D
sh603301,振德医疗,2025-09-30 10:07:01,45.71,5000,45.72,D
sh603301,振德医疗,2025-09-30 10:07:22,45.6,5800,45.62,D
sh603301,振德医疗,2025-09-30 10:07:46,45.53,5000,45.53,U
sh603301,振德医疗,2025-09-30 10:07:58,45.52,4500,45.51,D
sh603301,振德医疗,2025-09-30 10:09:58,45.65,5500,45.65,U
sh603301,振德医疗,2025-09-30 10:10:19,45.66,12000,45.63,U
sh603301,振德医疗,2025-09-30 10:10:25,45.65,5800,45.66,D
sh603301,振德医疗,2025-09-30 10:11:58,45.63,4600,45.6,U
sh603301,振德医疗,2025-09-30 10:13:04,45.69,14300,45.59,U
sh603301,振德医疗,2025-09-30 10:13:07,45.71,7500,45.69,U
sh603301,振德医疗,2025-09-30 10:13:16,45.7,5800,45.7,D
sh603301,振德医疗,2025-09-30 10:13:22,45.72,6000,45.72,U
sh603301,振德医疗,2025-09-30 10:13:25,45.75,4400,45.72,U
sh603301,振德医疗,2025-09-30 10:13:34,45.77,17600,45.75,U
sh603301,振德医疗,2025-09-30 10:13:37,45.8,32500,45.77,U
sh603301,振德医疗,2025-09-30 10:13:40,45.84,23500,45.8,U
sh603301,振德医疗,2025-09-30 10:13:43,45.9,7600,45.84,U
sh603301,振德医疗,2025-09-30 10:13:46,45.9,7100,45.9,U
sh603301,振德医疗,2025-09-30 10:13:55,45.99,9900,45.97,U
sh603301,振德医疗,2025-09-30 10:14:01,45.99,14900,45.99,U
sh603301,振德医疗,2025-09-30 10:14:07,46.0,36300,46.0,U
sh603301,振德医疗,2025-09-30 10:14:10,46.0,14700,46.0,U
sh603301,振德医疗,2025-09-30 10:14:19,46.03,4900,46.03,U
sh603301,振德医疗,2025-09-30 10:14:28,45.85,26900,46.06,D
sh603301,振德医疗,2025-09-30 10:14:55,46.05,10400,46.05,U
sh603301,振德医疗,2025-09-30 10:15:13,46.09,4600,46.09,D
sh603301,振德医疗,2025-09-30 10:15:19,46.11,7400,46.08,U
sh603301,振德医疗,2025-09-30 10:15:28,46.2,9700,46.15,U
sh603301,振德医疗,2025-09-30 10:15:31,46.21,12800,46.2,U
sh603301,振德医疗,2025-09-30 10:15:34,46.21,8600,46.21,U
sh603301,振德医疗,2025-09-30 10:15:37,46.46,8300,46.21,U
sh603301,振德医疗,2025-09-30 10:15:43,46.39,23700,46.41,E
sh603301,振德医疗,2025-09-30 10:15:46,46.48,8400,46.39,U
sh603301,振德医疗,2025-09-30 10:15:49,46.47,8600,46.48,D
sh603301,振德医疗,2025-09-30 10:15:52,46.5,22700,46.47,U
sh603301,振德医疗,2025-09-30 10:16:01,46.53,34100,46.57,D
sh603301,振德医疗,2025-09-30 10:16:04,46.44,9200,46.53,D
sh603301,振德医疗,2025-09-30 10:16:10,46.42,4500,46.44,U
sh603301,振德医疗,2025-09-30 10:16:19,45.9,13300,46.31,D
sh603301,振德医疗,2025-09-30 10:16:34,46.31,15500,46.3,U
sh603301,振德医疗,2025-09-30 10:16:43,46.26,12900,46.31,D
sh603301,振德医疗,2025-09-30 10:17:07,46.19,5900,46.19,D
sh603301,振德医疗,2025-09-30 10:18:04,46.13,13200,46.14,E
sh603301,振德医疗,2025-09-30 10:18:13,46.38,12000,46.21,U
sh603301,振德医疗,2025-09-30 10:18:19,46.49,9000,46.49,U
sh603301,振德医疗,2025-09-30 10:18:22,46.58,9400,46.49,U
sh603301,振德医疗,2025-09-30 10:18:31,46.54,6500,46.6,D
sh603301,振德医疗,2025-09-30 10:18:34,46.51,17600,46.54,D
sh603301,振德医疗,2025-09-30 10:18:55,46.31,6300,46.35,D
sh603301,振德医疗,2025-09-30 10:19:04,46.28,21400,46.24,U
sh603301,振德医疗,2025-09-30 10:19:52,46.48,5400,46.48,U
sh603301,振德医疗,2025-09-30 10:20:16,46.4,7100,46.42,D
sh603301,振德医疗,2025-09-30 10:20:31,46.33,30800,46.33,D
sh603301,振德医疗,2025-09-30 10:20:34,46.31,4800,46.33,D
sh603301,振德医疗,2025-09-30 10:20:43,46.3,31000,46.31,D
sh603301,振德医疗,2025-09-30 10:20:46,46.3,7900,46.3,D
sh603301,振德医疗,2025-09-30 10:21:04,46.18,14100,46.17,U
sh603301,振德医疗,2025-09-30 10:21:13,46.36,8400,46.31,U
sh603301,振德医疗,2025-09-30 10:21:22,46.33,7200,46.34,D
sh603301,振德医疗,2025-09-30 10:22:01,46.31,16600,46.23,U
sh603301,振德医疗,2025-09-30 10:22:13,46.31,6400,46.33,D
sh603301,振德医疗,2025-09-30 10:22:16,46.27,4500,46.31,D
sh603301,振德医疗,2025-09-30 10:22:22,46.27,11200,46.24,U
sh603301,振德医疗,2025-09-30 10:22:28,46.25,4800,46.24,U
sh603301,振德医疗,2025-09-30 10:22:31,46.26,5800,46.25,U
sh603301,振德医疗,2025-09-30 10:22:43,46.31,17300,46.27,U
sh603301,振德医疗,2025-09-30 10:22:46,46.33,28100,46.31,U
sh603301,振德医疗,2025-09-30 10:23:04,46.21,44000,46.29,D
sh603301,振德医疗,2025-09-30 10:23:07,46.14,8100,46.21,D
sh603301,振德医疗,2025-09-30 10:23:10,46.11,5200,46.14,D
sh603301,振德医疗,2025-09-30 10:23:13,46.13,33000,46.11,U
sh603301,振德医疗,2025-09-30 10:23:34,46.01,18700,46.06,D
sh603301,振德医疗,2025-09-30 10:24:04,46.0,10700,45.95,U
sh603301,振德医疗,2025-09-30 10:24:10,46.04,5000,46.03,E
sh603301,振德医疗,2025-09-30 10:24:37,46.05,13873,46.08,D
sh603301,振德医疗,2025-09-30 10:25:34,46.15,4700,46.1,U
sh603301,振德医疗,2025-09-30 10:26:37,46.01,11827,46.05,D
sh603301,振德医疗,2025-09-30 10:27:40,45.97,8600,45.95,U
sh603301,振德医疗,2025-09-30 10:28:16,45.91,5900,45.92,E
sh603301,振德医疗,2025-09-30 10:28:40,45.91,7400,45.9,U
sh603301,振德医疗,2025-09-30 10:28:52,46.11,104480,45.95,U
sh603301,振德医疗,2025-09-30 10:29:01,46.08,4600,46.12,D
sh603301,振德医疗,2025-09-30 10:29:04,46.11,18600,46.08,E
sh603301,振德医疗,2025-09-30 10:29:13,46.17,46100,46.12,U
sh603301,振德医疗,2025-09-30 10:29:16,46.17,6000,46.17,D
sh603301,振德医疗,2025-09-30 10:29:49,46.3,8400,46.32,D
sh603301,振德医疗,2025-09-30 10:30:13,46.32,5900,46.31,U
sh603301,振德医疗,2025-09-30 10:30:34,46.29,8700,46.23,U
sh603301,振德医疗,2025-09-30 10:33:13,46.26,5100,46.2,U
sh603301,振德医疗,2025-09-30 10:33:22,46.25,5200,46.25,D
sh603301,振德医疗,2025-09-30 10:33:25,46.21,15700,46.25,D
sh603301,振德医疗,2025-09-30 10:33:40,46.21,12300,46.15,U
sh603301,振德医疗,2025-09-30 10:34:13,46.06,10600,46.18,D
sh603301,振德医疗,2025-09-30 10:34:49,46.09,4400,46.05,U
sh603301,振德医疗,2025-09-30 10:36:10,46.13,5200,46.13,D
sh603301,振德医疗,2025-09-30 10:36:28,46.13,5000,46.12,U
sh603301,振德医疗,2025-09-30 10:37:01,46.22,5200,46.22,U
sh603301,振德医疗,2025-09-30 10:37:07,46.22,7000,46.22,U
sh603301,振德医疗,2025-09-30 10:37:16,46.23,8800,46.23,E
sh603301,振德医疗,2025-09-30 10:37:46,46.24,10700,46.24,U
sh603301,振德医疗,2025-09-30 10:37:52,46.27,14322,46.24,U
sh603301,振德医疗,2025-09-30 10:37:55,46.25,8000,46.27,E
sh603301,振德医疗,2025-09-30 10:38:04,46.29,47100,46.25,U
sh603301,振德医疗,2025-09-30 10:38:07,46.29,17800,46.29,U
sh603301,振德医疗,2025-09-30 10:38:19,46.3,4700,46.3,U
sh603301,振德医疗,2025-09-30 10:39:04,46.28,19500,46.33,D
sh603301,振德医疗,2025-09-30 10:39:07,46.23,6500,46.28,D
sh603301,振德医疗,2025-09-30 10:39:13,46.22,10800,46.23,D
sh603301,振德医疗,2025-09-30 10:40:19,46.12,20900,46.15,D
sh603301,振德医疗,2025-09-30 10:40:25,46.09,6700,46.12,D
sh603301,振德医疗,2025-09-30 10:40:43,46.1,4400,46.12,D
sh603301,振德医疗,2025-09-30 10:43:10,46.11,4500,46.13,D
sh603301,振德医疗,2025-09-30 10:43:13,46.1,5800,46.11,D
sh603301,振德医疗,2025-09-30 10:43:16,46.11,10900,46.1,U
sh603301,振德医疗,2025-09-30 10:43:19,46.17,5600,46.11,U
sh603301,振德医疗,2025-09-30 10:43:40,46.18,4400,46.16,U
sh603301,振德医疗,2025-09-30 10:43:46,46.2,5200,46.18,U
sh603301,振德医疗,2025-09-30 10:45:19,46.3,40200,46.29,U
sh603301,振德医疗,2025-09-30 10:45:22,46.38,51800,46.3,U
sh603301,振德医疗,2025-09-30 10:45:25,46.39,30100,46.38,E
sh603301,振德医疗,2025-09-30 10:46:04,46.5,8300,46.49,U
sh603301,振德医疗,2025-09-30 10:46:16,46.46,27800,46.5,D
sh603301,振德医疗,2025-09-30 10:46:28,46.36,10800,46.36,D
sh603301,振德医疗,2025-09-30 10:46:55,46.45,5300,46.48,D
sh603301,振德医疗,2025-09-30 10:47:01,46.49,9300,46.48,U
sh603301,振德医疗,2025-09-30 10:47:10,46.49,16400,46.49,D
sh603301,振德医疗,2025-09-30 10:47:31,46.48,6800,46.49,D
sh603301,振德医疗,2025-09-30 10:47:34,46.39,14500,46.48,D
sh603301,振德医疗,2025-09-30 10:48:16,46.48,6700,46.41,U
sh603301,振德医疗,2025-09-30 10:48:40,46.45,6000,46.45,U
sh603301,振德医疗,2025-09-30 10:48:46,46.44,4700,46.45,D
sh603301,振德医疗,2025-09-30 10:48:49,46.31,10500,46.44,D
sh603301,振德医疗,2025-09-30 10:49:04,46.3,5400,46.32,D
sh603301,振德医疗,2025-09-30 10:49:16,46.2,18200,46.24,D
sh603301,振德医疗,2025-09-30 10:49:55,46.05,7200,46.05,D
sh603301,振德医疗,2025-09-30 10:50:16,46.1,4400,46.07,U
sh603301,振德医疗,2025-09-30 10:50:19,46.2,6900,46.1,U
sh603301,振德医疗,2025-09-30 10:50:28,46.19,4600,46.2,U
sh603301,振德医疗,2025-09-30 10:51:10,46.12,7800,46.11,U
sh603301,振德医疗,2025-09-30 10:51:37,46.13,6200,46.13,U
sh603301,振德医疗,2025-09-30 10:51:43,46.05,29900,46.12,D
sh603301,振德医疗,2025-09-30 10:51:49,45.92,33800,46.03,D
sh603301,振德医疗,2025-09-30 10:52:19,45.85,12300,45.8,U
sh603301,振德医疗,2025-09-30 10:52:22,45.89,11500,45.85,U
sh603301,振德医疗,2025-09-30 10:52:52,45.84,8400,45.85,D
sh603301,振德医疗,2025-09-30 10:52:58,45.74,17000,45.84,D
sh603301,振德医疗,2025-09-30 10:53:07,45.83,10000,45.8,U
sh603301,振德医疗,2025-09-30 10:53:19,45.87,9200,45.84,U
sh603301,振德医疗,2025-09-30 10:53:34,45.86,12000,45.85,U
sh603301,振德医疗,2025-09-30 10:53:46,45.82,5600,45.87,D
sh603301,振德医疗,2025-09-30 10:54:04,45.81,4900,45.8,E
sh603301,振德医疗,2025-09-30 10:54:07,45.81,6400,45.81,E
sh603301,振德医疗,2025-09-30 10:54:25,45.8,5700,45.82,D
sh603301,振德医疗,2025-09-30 10:54:28,45.79,7400,45.8,D
sh603301,振德医疗,2025-09-30 10:54:31,45.73,16200,45.79,D
sh603301,振德医疗,2025-09-30 10:54:34,45.69,13800,45.73,D
sh603301,振德医疗,2025-09-30 10:54:49,45.66,4700,45.66,D
sh603301,振德医疗,2025-09-30 10:54:55,45.66,13500,45.66,U
sh603301,振德医疗,2025-09-30 10:55:04,45.68,4800,45.67,U
sh603301,振德医疗,2025-09-30 10:55:13,45.73,8200,45.67,U
sh603301,振德医疗,2025-09-30 10:55:25,45.83,6700,45.8,U
sh603301,振德医疗,2025-09-30 10:56:58,45.97,7700,45.96,U
sh603301,振德医疗,2025-09-30 10:58:01,45.93,7400,45.94,D
sh603301,振德医疗,2025-09-30 10:59:04,45.92,7200,45.88,U
sh603301,振德医疗,2025-09-30 10:59:40,45.97,10500,45.95,U
sh603301,振德医疗,2025-09-30 11:00:40,46.2,11400,46.16,U
sh603301,振德医疗,2025-09-30 11:01:19,46.25,6700,46.25,U
sh603301,振德医疗,2025-09-30 11:05:37,46.24,23500,46.15,U
sh603301,振德医疗,2025-09-30 11:05:40,46.3,6300,46.24,U
sh603301,振德医疗,2025-09-30 11:05:49,46.36,4400,46.33,U
sh603301,振德医疗,2025-09-30 11:07:46,46.38,17900,46.29,U
sh603301,振德医疗,2025-09-30 11:07:49,46.4,7600,46.38,U
sh603301,振德医疗,2025-09-30 11:09:22,46.48,9700,46.44,U
sh603301,振德医疗,2025-09-30 11:09:37,46.5,21400,46.5,U
sh603301,振德医疗,2025-09-30 11:09:40,46.49,14400,46.5,D
sh603301,振德医疗,2025-09-30 11:10:55,46.6,59800,46.52,U
sh603301,振德医疗,2025-09-30 11:10:58,46.62,6200,46.6,U
sh603301,振德医疗,2025-09-30 11:12:31,46.69,5400,46.7,D
sh603301,振德医疗,2025-09-30 11:13:07,46.7,7700,46.72,D
sh603301,振德医疗,2025-09-30 11:13:10,46.8,4900,46.7,U
sh603301,振德医疗,2025-09-30 11:13:25,46.8,4700,46.8,U
sh603301,振德医疗,2025-09-30 11:15:10,46.71,5700,46.78,D
sh603301,振德医疗,2025-09-30 11:15:13,46.66,5700,46.71,D
sh603301,振德医疗,2025-09-30 11:17:07,46.61,4400,46.58,U
sh603301,振德医疗,2025-09-30 11:22:13,46.61,4700,46.56,U
sh603301,振德医疗,2025-09-30 11:22:16,46.63,5600,46.61,U
sh603301,振德医疗,2025-09-30 11:24:25,46.73,13300,46.77,D
sh603301,振德医疗,2025-09-30 11:24:28,46.74,12500,46.73,U
sh603301,振德医疗,2025-09-30 11:24:55,46.75,4300,46.77,D
sh603301,振德医疗,2025-09-30 11:25:16,46.75,4400,46.75,D
sh603301,振德医疗,2025-09-30 11:26:31,46.77,7700,46.76,U
sh603301,振德医疗,2025-09-30 11:26:37,46.79,19500,46.78,U
sh603301,振德医疗,2025-09-30 11:27:46,46.95,4300,46.93,U
sh603301,振德医疗,2025-09-30 11:28:04,47.0,32000,46.98,U
sh603301,振德医疗,2025-09-30 11:28:37,47.06,5000,47.04,U
sh603301,振德医疗,2025-09-30 11:28:40,47.03,9500,47.06,E
sh603301,振德医疗,2025-09-30 11:28:43,47.04,5900,47.03,U
sh603301,振德医疗,2025-09-30 11:29:37,46.73,17600,46.8,D
sh603301,振德医疗,2025-09-30 13:00:04,47.0,9100,46.8,U
sh603301,振德医疗,2025-09-30 13:00:07,46.86,8500,47.0,D
sh603301,振德医疗,2025-09-30 13:00:10,46.86,6100,46.86,D
sh603301,振德医疗,2025-09-30 13:00:52,46.57,4600,46.57,D
sh603301,振德医疗,2025-09-30 13:00:58,46.58,4700,46.58,U
sh603301,振德医疗,2025-09-30 13:01:13,46.57,4600,46.57,D
sh603301,振德医疗,2025-09-30 13:01:37,46.5,6500,46.5,D
sh603301,振德医疗,2025-09-30 13:02:07,46.52,31900,46.41,U
sh603301,振德医疗,2025-09-30 13:02:25,46.56,5000,46.55,U
sh603301,振德医疗,2025-09-30 13:02:28,46.58,5800,46.56,U
sh603301,振德医疗,2025-09-30 13:02:31,46.59,15400,46.58,U
sh603301,振德医疗,2025-09-30 13:03:04,46.67,6800,46.57,E
sh603301,振德医疗,2025-09-30 13:03:10,46.68,8000,46.68,D
sh603301,振德医疗,2025-09-30 13:03:22,46.71,8600,46.7,U
sh603301,振德医疗,2025-09-30 13:04:10,46.68,7100,46.82,D
sh603301,振德医疗,2025-09-30 13:06:19,46.92,5000,46.93,D
sh603301,振德医疗,2025-09-30 13:07:04,46.7,4800,46.68,U
sh603301,振德医疗,2025-09-30 13:08:04,46.68,5000,46.71,D
sh603301,振德医疗,2025-09-30 13:08:13,46.6,12500,46.65,D
sh603301,振德医疗,2025-09-30 13:08:34,46.56,12800,46.56,U
sh603301,振德医疗,2025-09-30 13:08:46,46.55,4700,46.55,D
sh603301,振德医疗,2025-09-30 13:10:04,46.56,5500,46.55,U
sh603301,振德医疗,2025-09-30 13:12:10,46.61,4700,46.55,U
sh603301,振德医疗,2025-09-30 13:12:13,46.56,4800,46.61,D
sh603301,振德医疗,2025-09-30 13:12:37,46.64,8800,46.62,U
sh603301,振德医疗,2025-09-30 13:14:01,46.44,4900,46.46,D
sh603301,振德医疗,2025-09-30 13:14:04,46.4,10000,46.44,D
sh603301,振德医疗,2025-09-30 13:14:34,46.34,4600,46.35,D
sh603301,振德医疗,2025-09-30 13:15:16,46.35,4600,46.31,U
sh603301,振德医疗,2025-09-30 13:15:52,46.35,10100,46.34,U
sh603301,振德医疗,2025-09-30 13:15:55,46.35,6900,46.35,U
sh603301,振德医疗,2025-09-30 13:15:58,46.36,6100,46.35,U
sh603301,振德医疗,2025-09-30 13:19:10,46.21,21500,46.31,D
sh603301,振德医疗,2025-09-30 13:19:37,46.21,5100,46.21,D
sh603301,振德医疗,2025-09-30 13:19:52,46.21,6500,46.21,D
sh603301,振德医疗,2025-09-30 13:20:07,46.17,6800,46.2,D
sh603301,振德医疗,2025-09-30 13:21:01,46.03,5800,46.03,U
sh603301,振德医疗,2025-09-30 13:21:07,46.01,15200,46.05,D
sh603301,振德医疗,2025-09-30 13:21:16,46.01,7000,46.01,U
sh603301,振德医疗,2025-09-30 13:21:19,46.06,6900,46.01,U
sh603301,振德医疗,2025-09-30 13:21:22,46.06,4900,46.06,U
sh603301,振德医疗,2025-09-30 13:21:34,46.07,4900,46.06,U
sh603301,振德医疗,2025-09-30 13:21:37,46.12,8480,46.07,U
sh603301,振德医疗,2025-09-30 13:21:55,46.15,37900,46.15,D
sh603301,振德医疗,2025-09-30 13:22:28,46.01,47600,46.07,D
sh603301,振德医疗,2025-09-30 13:22:31,46.01,5100,46.01,D
sh603301,振德医疗,2025-09-30 13:22:37,46.0,12700,46.0,D
sh603301,振德医疗,2025-09-30 13:22:40,45.97,7700,46.0,D
sh603301,振德医疗,2025-09-30 13:22:43,45.92,9300,45.97,D
sh603301,振德医疗,2025-09-30 13:23:04,45.92,12900,45.92,U
sh603301,振德医疗,2025-09-30 13:23:10,45.95,14700,45.95,U
sh603301,振德医疗,2025-09-30 13:24:34,46.15,4500,46.16,D
sh603301,振德医疗,2025-09-30 13:24:37,46.11,11400,46.15,D
sh603301,振德医疗,2025-09-30 13:24:55,46.08,4900,46.09,D
sh603301,振德医疗,2025-09-30 13:25:52,46.07,13300,46.12,D
sh603301,振德医疗,2025-09-30 13:25:55,46.05,5300,46.07,D
sh603301,振德医疗,2025-09-30 13:28:43,46.11,8900,46.16,D
sh603301,振德医疗,2025-09-30 13:28:46,46.1,4800,46.11,D
sh603301,振德医疗,2025-09-30 13:31:25,46.2,7000,46.2,U
sh603301,振德医疗,2025-09-30 13:31:31,46.21,9500,46.2,U
sh603301,振德医疗,2025-09-30 13:31:49,46.18,5200,46.21,D
sh603301,振德医疗,2025-09-30 13:33:13,46.21,10100,46.14,U
sh603301,振德医疗,2025-09-30 13:34:31,46.2,10500,46.23,D
sh603301,振德医疗,2025-09-30 13:36:16,46.08,19500,46.16,D
sh603301,振德医疗,2025-09-30 13:36:40,46.05,37600,46.09,D
sh603301,振德医疗,2025-09-30 13:36:43,46.05,6700,46.05,D
sh603301,振德医疗,2025-09-30 13:36:46,46.05,16900,46.05,D
sh603301,振德医疗,2025-09-30 13:36:49,46.0,16300,46.05,D
sh603301,振德医疗,2025-09-30 13:37:01,45.99,21100,46.0,D
sh603301,振德医疗,2025-09-30 13:37:28,45.94,6500,45.94,D
sh603301,振德医疗,2025-09-30 13:37:31,45.95,7100,45.94,U
sh603301,振德医疗,2025-09-30 13:37:34,45.95,6400,45.95,U
sh603301,振德医疗,2025-09-30 13:39:16,46.02,10000,46.04,D
sh603301,振德医疗,2025-09-30 13:39:28,46.02,5400,46.02,U
sh603301,振德医疗,2025-09-30 13:42:34,46.07,7113,46.09,D
sh603301,振德医疗,2025-09-30 13:45:07,46.05,4700,46.05,U
sh603301,振德医疗,2025-09-30 13:48:07,46.13,5000,46.1,U
sh603301,振德医疗,2025-09-30 13:50:01,46.17,19000,46.17,U
sh603301,振德医疗,2025-09-30 13:54:04,46.29,4900,46.35,D
sh603301,振德医疗,2025-09-30 13:57:49,46.19,6800,46.2,D
sh603301,振德医疗,2025-09-30 14:00:04,46.16,5900,46.15,U
sh603301,振德医疗,2025-09-30 14:01:22,46.16,4600,46.18,D
sh603301,振德医疗,2025-09-30 14:02:13,46.19,7500,46.2,D
sh603301,振德医疗,2025-09-30 14:03:31,46.12,11200,46.15,D
sh603301,振德医疗,2025-09-30 14:05:31,46.12,5500,46.13,D
sh603301,振德医疗,2025-09-30 14:10:31,46.18,5900,46.15,U
sh603301,振德医疗,2025-09-30 14:14:01,46.14,5000,46.16,D
sh603301,振德医疗,2025-09-30 14:14:07,46.12,23900,46.14,D
sh603301,振德医疗,2025-09-30 14:14:10,46.12,5000,46.12,D
sh603301,振德医疗,2025-09-30 14:14:13,46.09,5500,46.12,D
sh603301,振德医疗,2025-09-30 14:18:19,46.18,11900,46.24,D
sh603301,振德医疗,2025-09-30 14:20:19,46.2,5600,46.18,U
sh603301,振德医疗,2025-09-30 14:21:04,46.21,5500,46.23,D
sh603301,振德医疗,2025-09-30 14:23:04,46.24,7300,46.24,D
sh603301,振德医疗,2025-09-30 14:23:25,46.16,15000,46.22,D
sh603301,振德医疗,2025-09-30 14:23:40,46.17,7100,46.17,U
sh603301,振德医疗,2025-09-30 14:24:25,46.13,8600,46.18,D
sh603301,振德医疗,2025-09-30 14:26:43,46.16,10100,46.16,U
sh603301,振德医疗,2025-09-30 14:28:31,46.19,7800,46.23,D
sh603301,振德医疗,2025-09-30 14:30:40,46.19,5800,46.2,D
sh603301,振德医疗,2025-09-30 14:31:22,46.17,7800,46.21,D
sh603301,振德医疗,2025-09-30 14:31:25,46.16,17100,46.17,D
sh603301,振德医疗,2025-09-30 14:31:28,46.15,17900,46.16,D
sh603301,振德医疗,2025-09-30 14:31:58,46.18,5500,46.14,U
sh603301,振德医疗,2025-09-30 14:33:31,46.18,9000,46.2,D
sh603301,振德医疗,2025-09-30 14:33:34,46.14,11000,46.18,D
sh603301,振德医疗,2025-09-30 14:33:37,46.13,10400,46.14,D
sh603301,振德医疗,2025-09-30 14:33:49,46.11,6400,46.12,D
sh603301,振德医疗,2025-09-30 14:34:28,46.11,5000,46.1,U
sh603301,振德医疗,2025-09-30 14:34:31,46.04,40800,46.11,D
sh603301,振德医疗,2025-09-30 14:34:37,46.01,40500,46.03,D
sh603301,振德医疗,2025-09-30 14:34:40,46.0,43800,46.01,D
sh603301,振德医疗,2025-09-30 14:34:43,46.0,13700,46.0,D
sh603301,振德医疗,2025-09-30 14:34:52,45.95,10000,45.98,D
sh603301,振德医疗,2025-09-30 14:35:04,45.94,12300,45.96,D
sh603301,振德医疗,2025-09-30 14:35:08,45.94,6000,45.94,D
sh603301,振德医疗,2025-09-30 14:35:10,45.94,9000,45.94,D
sh603301,振德医疗,2025-09-30 14:35:13,45.96,16700,45.94,U
sh603301,振德医疗,2025-09-30 14:35:19,45.96,6100,45.95,U
sh603301,振德医疗,2025-09-30 14:36:22,45.96,19500,45.97,D
sh603301,振德医疗,2025-09-30 14:36:25,45.94,4500,45.96,D
sh603301,振德医疗,2025-09-30 14:36:43,45.93,5300,45.92,U
sh603301,振德医疗,2025-09-30 14:37:22,45.96,7600,45.94,U
sh603301,振德医疗,2025-09-30 14:38:01,45.97,11027,45.97,D
sh603301,振德医疗,2025-09-30 14:38:04,45.98,11173,45.97,U
sh603301,振德医疗,2025-09-30 14:38:13,45.99,8700,45.99,U
sh603301,振德医疗,2025-09-30 14:38:31,46.0,4500,46.0,U
sh603301,振德医疗,2025-09-30 14:38:43,46.01,11300,46.01,U
sh603301,振德医疗,2025-09-30 14:40:07,46.01,7600,46.04,D
sh603301,振德医疗,2025-09-30 14:40:10,46.05,5900,46.01,U
sh603301,振德医疗,2025-09-30 14:40:16,46.05,11000,46.06,D
sh603301,振德医疗,2025-09-30 14:40:19,46.05,10400,46.05,D
sh603301,振德医疗,2025-09-30 14:40:22,46.03,9600,46.05,D
sh603301,振德医疗,2025-09-30 14:40:58,46.01,16200,46.02,D
sh603301,振德医疗,2025-09-30 14:41:01,46.0,16300,46.01,D
sh603301,振德医疗,2025-09-30 14:41:04,46.0,56600,46.0,D
sh603301,振德医疗,2025-09-30 14:41:13,45.94,9600,45.93,U
sh603301,振德医疗,2025-09-30 14:42:25,46.0,6200,46.0,U
sh603301,振德医疗,2025-09-30 14:42:43,46.03,5500,46.01,U
sh603301,振德医疗,2025-09-30 14:43:07,46.03,6100,46.02,U
sh603301,振德医疗,2025-09-30 14:43:19,46.03,4500,46.03,D
sh603301,振德医疗,2025-09-30 14:43:25,46.03,16600,46.02,U
sh603301,振德医疗,2025-09-30 14:43:31,46.04,5400,46.08,D
sh603301,振德医疗,2025-09-30 14:44:04,46.07,8600,46.07,D
sh603301,振德医疗,2025-09-30 14:44:19,46.07,13500,46.05,U
sh603301,振德医疗,2025-09-30 14:44:25,46.09,12500,46.08,U
sh603301,振德医疗,2025-09-30 14:44:34,46.1,5800,46.09,U
sh603301,振德医疗,2025-09-30 14:44:40,46.09,9100,46.1,D
sh603301,振德医疗,2025-09-30 14:44:43,46.09,154300,46.09,D
sh603301,振德医疗,2025-09-30 14:44:46,46.22,15700,46.09,U
sh603301,振德医疗,2025-09-30 14:45:01,46.1,6300,46.22,D
sh603301,振德医疗,2025-09-30 14:45:04,46.21,6300,46.1,E
sh603301,振德医疗,2025-09-30 14:45:07,46.23,5900,46.21,U
sh603301,振德医疗,2025-09-30 14:45:13,46.22,11000,46.13,U
sh603301,振德医疗,2025-09-30 14:45:16,46.27,21300,46.22,U
sh603301,振德医疗,2025-09-30 14:45:22,46.31,5600,46.29,U
sh603301,振德医疗,2025-09-30 14:45:46,46.31,15000,46.35,D
sh603301,振德医疗,2025-09-30 14:45:52,46.3,8900,46.27,U
sh603301,振德医疗,2025-09-30 14:46:40,46.35,20800,46.39,D
sh603301,振德医疗,2025-09-30 14:46:43,46.32,35100,46.35,D
sh603301,振德医疗,2025-09-30 14:47:10,46.31,9000,46.22,U
sh603301,振德医疗,2025-09-30 14:47:43,46.32,10500,46.31,U
sh603301,振德医疗,2025-09-30 14:47:52,46.38,22100,46.32,U
sh603301,振德医疗,2025-09-30 14:48:01,46.37,4500,46.37,U
sh603301,振德医疗,2025-09-30 14:48:04,46.37,8500,46.37,U
sh603301,振德医疗,2025-09-30 14:48:10,46.4,36900,46.36,U
sh603301,振德医疗,2025-09-30 14:48:13,46.4,6700,46.4,D
sh603301,振德医疗,2025-09-30 14:48:16,46.41,9300,46.4,U
sh603301,振德医疗,2025-09-30 14:48:28,46.35,8800,46.41,D
sh603301,振德医疗,2025-09-30 14:48:34,46.34,10900,46.35,D
sh603301,振德医疗,2025-09-30 14:48:37,46.3,5700,46.34,D
sh603301,振德医疗,2025-09-30 14:49:04,46.35,5900,46.34,U
sh603301,振德医疗,2025-09-30 14:49:07,46.34,6100,46.35,D
sh603301,振德医疗,2025-09-30 14:49:10,46.33,4700,46.34,D
sh603301,振德医疗,2025-09-30 14:49:13,46.34,21200,46.33,U
sh603301,振德医疗,2025-09-30 14:49:16,46.33,4800,46.34,D
sh603301,振德医疗,2025-09-30 14:50:16,46.36,8700,46.37,D
sh603301,振德医疗,2025-09-30 14:50:19,46.35,6600,46.36,D
sh603301,振德医疗,2025-09-30 14:50:22,46.36,4900,46.35,U
sh603301,振德医疗,2025-09-30 14:50:37,46.36,4400,46.35,U
sh603301,振德医疗,2025-09-30 14:50:58,46.34,18100,46.35,D
sh603301,振德医疗,2025-09-30 14:51:01,46.33,34200,46.34,D
sh603301,振德医疗,2025-09-30 14:51:04,46.33,16400,46.33,D
sh603301,振德医疗,2025-09-30 14:51:07,46.33,8300,46.33,D
sh603301,振德医疗,2025-09-30 14:51:10,46.32,7000,46.33,D
sh603301,振德医疗,2025-09-30 14:51:13,46.27,6400,46.32,D
sh603301,振德医疗,2025-09-30 14:51:19,46.2,5200,46.21,D
sh603301,振德医疗,2025-09-30 14:51:28,46.18,12100,46.15,U
sh603301,振德医疗,2025-09-30 14:52:28,46.28,5500,46.26,U
sh603301,振德医疗,2025-09-30 14:52:40,46.29,5800,46.29,U
sh603301,振德医疗,2025-09-30 14:52:43,46.31,8500,46.29,U
sh603301,振德医疗,2025-09-30 14:53:01,46.31,4900,46.31,U
sh603301,振德医疗,2025-09-30 14:53:04,46.31,15700,46.31,U
sh603301,振德医疗,2025-09-30 14:53:07,46.3,4700,46.31,D
sh603301,振德医疗,2025-09-30 14:53:34,46.32,5200,46.31,U
sh603301,振德医疗,2025-09-30 14:53:40,46.32,6400,46.32,U
sh603301,振德医疗,2025-09-30 14:53:46,46.35,5136,46.32,U
sh603301,振德医疗,2025-09-30 14:53:49,46.33,4700,46.35,E
sh603301,振德医疗,2025-09-30 14:53:58,46.33,5200,46.32,D
sh603301,振德医疗,2025-09-30 14:54:04,46.33,6700,46.33,U
sh603301,振德医疗,2025-09-30 14:54:07,46.32,12864,46.33,D
sh603301,振德医疗,2025-09-30 14:54:10,46.3,17000,46.32,D
sh603301,振德医疗,2025-09-30 14:54:13,46.27,10100,46.3,D
sh603301,振德医疗,2025-09-30 14:54:16,46.31,11600,46.27,U
sh603301,振德医疗,2025-09-30 14:54:31,46.31,5400,46.28,U
sh603301,振德医疗,2025-09-30 14:54:43,46.3,5700,46.29,D
sh603301,振德医疗,2025-09-30 14:54:55,46.29,7300,46.29,D
sh603301,振德医疗,2025-09-30 14:55:01,46.31,5200,46.29,U
sh603301,振德医疗,2025-09-30 14:55:04,46.31,9000,46.31,U
sh603301,振德医疗,2025-09-30 14:55:19,46.32,4600,46.3,U
sh603301,振德医疗,2025-09-30 14:55:40,46.33,5500,46.32,U
sh603301,振德医疗,2025-09-30 14:55:46,46.31,5400,46.33,D
sh603301,振德医疗,2025-09-30 14:55:52,46.31,5600,46.31,U
sh603301,振德医疗,2025-09-30 14:56:04,46.31,9100,46.31,D
sh603301,振德医疗,2025-09-30 14:56:07,46.31,7900,46.31,D
sh603301,振德医疗,2025-09-30 14:56:14,46.32,4500,46.32,D
sh603301,振德医疗,2025-09-30 14:56:19,46.32,20100,46.33,D
sh603301,振德医疗,2025-09-30 14:56:37,46.35,4500,46.34,U
sh603301,振德医疗,2025-09-30 14:56:46,46.38,5600,46.36,U
sh603301,振德医疗,2025-09-30 14:56:55,46.4,14200,46.4,D
sh603301,振德医疗,2025-09-30 14:56:58,46.36,24400,46.4,D
sh603301,振德医疗,2025-09-30 14:57:01,46.37,13900,46.36,U
sh603301,振德医疗,2025-09-30 15:00:04,46.66,152258,46.37,U
