symbol,name,ticktime,price,volume,prev_price,kind
sh603301,振德医疗,2025-10-21 09:25:01,68.0,445300,0.0,U
sh603301,振德医疗,2025-10-21 09:30:03,68.2,43892,68.0,U
sh603301,振德医疗,2025-10-21 09:30:05,68.2,30100,68.2,D
sh603301,振德医疗,2025-10-21 09:30:08,68.5,74900,68.2,U
sh603301,振德医疗,2025-10-21 09:30:11,68.37,67400,68.5,E
sh603301,振德医疗,2025-10-21 09:30:14,68.36,61200,68.37,D
sh603301,振德医疗,2025-10-21 09:30:17,68.84,47200,68.36,U
sh603301,振德医疗,2025-10-21 09:30:20,68.88,56500,68.84,E
sh603301,振德医疗,2025-10-21 09:30:23,68.2,34500,68.88,D
sh603301,振德医疗,2025-10-21 09:30:26,68.06,47500,68.2,E
sh603301,振德医疗,2025-10-21 09:30:29,68.2,106300,68.06,U
sh603301,振德医疗,2025-10-21 09:30:32,68.2,53800,68.2,U
sh603301,振德医疗,2025-10-21 09:30:35,68.07,78400,68.2,D
sh603301,振德医疗,2025-10-21 09:30:38,68.0,228400,68.07,D
sh603301,振德医疗,2025-10-21 09:30:42,68.07,122900,68.0,U
sh603301,振德医疗,2025-10-21 09:30:45,68.06,56700,68.07,D
sh603301,振德医疗,2025-10-21 09:30:47,68.06,36500,68.06,D
sh603301,振德医疗,2025-10-21 09:30:50,68.06,52300,68.06,D
sh603301,振德医疗,2025-10-21 09:30:54,68.04,89700,68.06,D
sh603301,振德医疗,2025-10-21 09:30:56,68.0,83208,68.04,D
sh603301,振德医疗,2025-10-21 09:31:00,67.94,31000,68.0,D
sh603301,振德医疗,2025-10-21 09:31:02,67.6,31200,67.94,D
sh603301,振德医疗,2025-10-21 09:31:05,67.51,6700,67.6,D
sh603301,振德医疗,2025-10-21 09:31:08,67.27,18100,67.51,D
sh603301,振德医疗,2025-10-21 09:31:11,67.13,10100,67.27,D
sh603301,振德医疗,2025-10-21 09:31:15,67.0,29500,67.13,D
sh603301,振德医疗,2025-10-21 09:31:18,67.0,138100,67.0,D
sh603301,振德医疗,2025-10-21 09:31:21,66.94,36900,67.0,E
sh603301,振德医疗,2025-10-21 09:31:23,66.92,59500,66.94,E
sh603301,振德医疗,2025-10-21 09:31:27,66.69,71000,66.92,D
sh603301,振德医疗,2025-10-21 09:31:29,66.5,24100,66.69,D
sh603301,振德医疗,2025-10-21 09:31:32,66.53,25300,66.5,D
sh603301,振德医疗,2025-10-21 09:31:35,65.85,91800,66.53,D
sh603301,振德医疗,2025-10-21 09:31:38,65.85,15000,65.85,D
sh603301,振德医疗,2025-10-21 09:31:42,65.35,44300,65.85,D
sh603301,振德医疗,2025-10-21 09:31:45,65.85,73300,65.35,U
sh603301,振德医疗,2025-10-21 09:31:48,65.35,36400,65.85,U
sh603301,振德医疗,2025-10-21 09:31:50,65.35,55600,65.35,U
sh603301,振德医疗,2025-10-21 09:31:54,66.35,94600,65.35,U
sh603301,振德医疗,2025-10-21 09:31:56,66.0,64400,66.35,D
sh603301,振德医疗,2025-10-21 09:32:00,66.8,18700,66.0,U
sh603301,振德医疗,2025-10-21 09:32:02,66.62,36900,66.8,D
sh603301,振德医疗,2025-10-21 09:32:06,66.82,25000,66.62,U
sh603301,振德医疗,2025-10-21 09:32:09,66.81,32200,66.82,D
sh603301,振德医疗,2025-10-21 09:32:11,66.79,78200,66.81,D
sh603301,振德医疗,2025-10-21 09:32:15,66.63,16800,66.79,E
sh603301,振德医疗,2025-10-21 09:32:18,66.02,39600,66.63,D
sh603301,振德医疗,2025-10-21 09:32:21,66.32,11500,66.02,U
sh603301,振德医疗,2025-10-21 09:32:24,66.02,53100,66.32,E
sh603301,振德医疗,2025-10-21 09:32:26,66.2,11900,66.02,U
sh603301,振德医疗,2025-10-21 09:32:29,66.09,42800,66.2,E
sh603301,振德医疗,2025-10-21 09:32:33,66.32,13300,66.09,U
sh603301,振德医疗,2025-10-21 09:32:35,66.5,38900,66.32,U
sh603301,振德医疗,2025-10-21 09:32:38,66.71,47800,66.5,U
sh603301,振德医疗,2025-10-21 09:32:41,66.97,3800,66.71,U
sh603301,振德医疗,2025-10-21 09:32:44,67.0,10200,66.97,U
sh603301,振德医疗,2025-10-21 09:32:48,67.18,14600,67.0,U
sh603301,振德医疗,2025-10-21 09:32:50,67.33,9500,67.18,E
sh603301,振德医疗,2025-10-21 09:32:53,67.38,17700,67.33,U
sh603301,振德医疗,2025-10-21 09:32:56,67.64,17100,67.38,U
sh603301,振德医疗,2025-10-21 09:32:59,67.64,8500,67.64,D
sh603301,振德医疗,2025-10-21 09:33:03,67.89,33600,67.64,U
sh603301,振德医疗,2025-10-21 09:33:06,67.64,23500,67.89,E
sh603301,振德医疗,2025-10-21 09:33:09,67.45,48500,67.64,D
sh603301,振德医疗,2025-10-21 09:33:11,67.63,32600,67.45,U
sh603301,振德医疗,2025-10-21 09:33:14,67.63,15800,67.63,D
sh603301,振德医疗,2025-10-21 09:33:17,67.72,25800,67.63,U
sh603301,振德医疗,2025-10-21 09:33:20,67.81,49400,67.72,U
sh603301,振德医疗,2025-10-21 09:33:23,67.88,13300,67.81,U
sh603301,振德医疗,2025-10-21 09:33:26,67.91,7000,67.88,U
sh603301,振德医疗,2025-10-21 09:33:30,67.94,8700,67.91,U
sh603301,振德医疗,2025-10-21 09:33:33,67.94,7400,67.94,E
sh603301,振德医疗,2025-10-21 09:33:36,68.0,35700,67.94,U
sh603301,振德医疗,2025-10-21 09:33:38,68.06,3200,68.0,U
sh603301,振德医疗,2025-10-21 09:33:42,68.5,5100,68.06,U
sh603301,振德医疗,2025-10-21 09:33:45,68.1,10900,68.5,D
sh603301,振德医疗,2025-10-21 09:33:47,68.2,17900,68.1,D
sh603301,振德医疗,2025-10-21 09:33:50,68.44,18500,68.2,U
sh603301,振德医疗,2025-10-21 09:33:53,68.79,21600,68.44,U
sh603301,振德医疗,2025-10-21 09:33:57,68.85,21900,68.79,U
sh603301,振德医疗,2025-10-21 09:34:00,68.95,3800,68.85,U
sh603301,振德医疗,2025-10-21 09:34:02,69.0,19500,68.95,U
sh603301,振德医疗,2025-10-21 09:34:05,68.96,11700,69.0,D
sh603301,振德医疗,2025-10-21 09:34:08,69.06,18000,68.96,U
sh603301,振德医疗,2025-10-21 09:34:11,69.09,28300,69.06,U
sh603301,振德医疗,2025-10-21 09:34:15,69.16,24700,69.09,U
sh603301,振德医疗,2025-10-21 09:34:18,68.84,130300,69.16,D
sh603301,振德医疗,2025-10-21 09:34:20,68.93,23100,68.84,U
sh603301,振德医疗,2025-10-21 09:34:24,68.83,18500,68.93,D
sh603301,振德医疗,2025-10-21 09:34:26,68.83,23400,68.83,U
sh603301,振德医疗,2025-10-21 09:34:30,68.5,24200,68.83,D
sh603301,振德医疗,2025-10-21 09:34:33,68.72,11900,68.5,U
sh603301,振德医疗,2025-10-21 09:34:36,68.49,7900,68.72,E
sh603301,振德医疗,2025-10-21 09:34:38,68.5,9300,68.49,U
sh603301,振德医疗,2025-10-21 09:34:42,68.21,5100,68.5,E
sh603301,振德医疗,2025-10-21 09:34:45,68.49,9100,68.21,U
sh603301,振德医疗,2025-10-21 09:34:47,68.47,5600,68.49,E
sh603301,振德医疗,2025-10-21 09:34:51,68.0,84900,68.47,D
sh603301,振德医疗,2025-10-21 09:34:53,68.05,5100,68.0,U
sh603301,振德医疗,2025-10-21 09:34:56,68.0,8900,68.05,E
sh603301,振德医疗,2025-10-21 09:35:00,67.79,33700,68.0,D
sh603301,振德医疗,2025-10-21 09:35:02,67.0,34900,67.79,D
sh603301,振德医疗,2025-10-21 09:35:05,67.1,3300,67.0,E
sh603301,振德医疗,2025-10-21 09:35:08,67.17,14300,67.1,E
sh603301,振德医疗,2025-10-21 09:35:11,67.64,10500,67.17,U
sh603301,振德医疗,2025-10-21 09:35:14,67.55,43800,67.64,E
sh603301,振德医疗,2025-10-21 09:35:18,67.55,25500,67.55,D
sh603301,振德医疗,2025-10-21 09:35:20,67.56,11700,67.55,U
sh603301,振德医疗,2025-10-21 09:35:24,67.63,12700,67.56,U
sh603301,振德医疗,2025-10-21 09:35:26,67.56,4700,67.63,E
sh603301,振德医疗,2025-10-21 09:35:29,67.56,65900,67.56,U
sh603301,振德医疗,2025-10-21 09:35:33,67.55,18000,67.56,U
sh603301,振德医疗,2025-10-21 09:35:36,67.55,7800,67.55,U
sh603301,振德医疗,2025-10-21 09:35:38,67.52,20100,67.55,D
sh603301,振德医疗,2025-10-21 09:35:42,67.5,9000,67.52,D
sh603301,振德医疗,2025-10-21 09:35:44,67.34,22400,67.5,D
sh603301,振德医疗,2025-10-21 09:35:47,67.33,10200,67.34,E
sh603301,振德医疗,2025-10-21 09:35:51,67.34,25400,67.33,U
sh603301,振德医疗,2025-10-21 09:35:54,67.41,3200,67.34,E
sh603301,振德医疗,2025-10-21 09:35:56,67.41,12500,67.41,U
sh603301,振德医疗,2025-10-21 09:35:59,67.5,21300,67.41,U
sh603301,振德医疗,2025-10-21 09:36:02,67.34,19800,67.5,D
sh603301,振德医疗,2025-10-21 09:36:06,67.42,10900,67.34,D
sh603301,振德医疗,2025-10-21 09:36:08,67.34,18200,67.42,D
sh603301,振德医疗,2025-10-21 09:36:12,67.34,8800,67.34,U
sh603301,振德医疗,2025-10-21 09:36:15,67.33,19500,67.34,E
sh603301,振德医疗,2025-10-21 09:36:17,67.36,59200,67.33,U
sh603301,振德医疗,2025-10-21 09:36:20,67.39,33800,67.36,U
sh603301,振德医疗,2025-10-21 09:36:23,67.52,9300,67.39,U
sh603301,振德医疗,2025-10-21 09:36:27,67.48,11900,67.52,D
sh603301,振德医疗,2025-10-21 09:36:32,67.64,13900,67.49,E
sh603301,振德医疗,2025-10-21 09:36:35,67.5,6600,67.64,D
sh603301,振德医疗,2025-10-21 09:36:38,67.89,28300,67.5,U
sh603301,振德医疗,2025-10-21 09:36:41,67.89,29100,67.89,D
sh603301,振德医疗,2025-10-21 09:36:44,67.89,12600,67.89,U
sh603301,振德医疗,2025-10-21 09:36:47,67.89,5600,67.89,U
sh603301,振德医疗,2025-10-21 09:36:51,67.9,11700,67.89,U
sh603301,振德医疗,2025-10-21 09:36:53,67.9,10400,67.9,U
sh603301,振德医疗,2025-10-21 09:36:56,67.94,14900,67.9,U
sh603301,振德医疗,2025-10-21 09:37:05,67.9,18000,67.93,D
sh603301,振德医疗,2025-10-21 09:37:09,67.89,31100,67.9,D
sh603301,振德医疗,2025-10-21 09:37:11,67.89,3500,67.89,D
sh603301,振德医疗,2025-10-21 09:37:14,67.9,9400,67.89,U
sh603301,振德医疗,2025-10-21 09:37:20,68.16,13300,68.16,U
sh603301,振德医疗,2025-10-21 09:37:27,68.09,3200,68.16,E
sh603301,振德医疗,2025-10-21 09:37:29,67.99,11500,68.09,E
sh603301,振德医疗,2025-10-21 09:37:32,67.85,6000,67.99,D
sh603301,振德医疗,2025-10-21 09:37:35,67.74,4800,67.85,D
sh603301,振德医疗,2025-10-21 09:37:38,67.76,6400,67.74,E
sh603301,振德医疗,2025-10-21 09:37:42,67.68,18200,67.76,D
sh603301,振德医疗,2025-10-21 09:37:44,67.67,6400,67.68,E
sh603301,振德医疗,2025-10-21 09:37:47,67.5,10800,67.67,D
sh603301,振德医疗,2025-10-21 09:37:50,67.32,26700,67.5,D
sh603301,振德医疗,2025-10-21 09:37:53,67.53,29500,67.32,U
sh603301,振德医疗,2025-10-21 09:37:56,67.6,5000,67.53,E
sh603301,振德医疗,2025-10-21 09:37:59,67.64,5800,67.6,E
sh603301,振德医疗,2025-10-21 09:38:03,67.66,13600,67.64,E
sh603301,振德医疗,2025-10-21 09:38:05,67.74,18300,67.66,U
sh603301,振德医疗,2025-10-21 09:38:08,67.68,25300,67.74,D
sh603301,振德医疗,2025-10-21 09:38:11,67.67,12300,67.68,D
sh603301,振德医疗,2025-10-21 09:38:14,67.74,4300,67.67,E
sh603301,振德医疗,2025-10-21 09:38:21,67.7,6000,67.78,D
sh603301,振德医疗,2025-10-21 09:38:23,67.9,21900,67.7,U
sh603301,振德医疗,2025-10-21 09:38:26,67.84,4700,67.9,D
sh603301,振德医疗,2025-10-21 09:38:29,68.0,60300,67.84,U
sh603301,振德医疗,2025-10-21 09:38:32,68.04,3500,68.0,E
sh603301,振德医疗,2025-10-21 09:38:35,68.0,7300,68.04,D
sh603301,振德医疗,2025-10-21 09:38:41,68.07,7000,68.08,D
sh603301,振德医疗,2025-10-21 09:38:44,68.1,6100,68.07,U
sh603301,振德医疗,2025-10-21 09:38:47,68.02,30900,68.1,D
sh603301,振德医疗,2025-10-21 09:38:50,67.97,17600,68.02,D
sh603301,振德医疗,2025-10-21 09:38:53,68.05,40500,67.97,U
sh603301,振德医疗,2025-10-21 09:38:57,68.02,43900,68.05,D
sh603301,振德医疗,2025-10-21 09:38:59,67.97,3300,68.02,D
sh603301,振德医疗,2025-10-21 09:39:02,67.94,20200,67.97,D
sh603301,振德医疗,2025-10-21 09:39:06,67.62,83600,67.94,D
sh603301,振德医疗,2025-10-21 09:39:08,67.48,25200,67.62,D
sh603301,振德医疗,2025-10-21 09:39:11,67.3,10600,67.48,D
sh603301,振德医疗,2025-10-21 09:39:14,67.08,16400,67.3,D
sh603301,振德医疗,2025-10-21 09:39:18,67.07,48000,67.08,D
sh603301,振德医疗,2025-10-21 09:39:21,67.05,13600,67.07,D
sh603301,振德医疗,2025-10-21 09:39:24,67.09,28000,67.05,E
sh603301,振德医疗,2025-10-21 09:39:26,67.37,16300,67.09,E
sh603301,振德医疗,2025-10-21 09:39:29,67.51,6500,67.37,U
sh603301,振德医疗,2025-10-21 09:39:33,67.09,10800,67.51,D
sh603301,振德医疗,2025-10-21 09:39:38,67.45,6200,67.41,E
sh603301,振德医疗,2025-10-21 09:39:41,67.5,11200,67.45,U
sh603301,振德医疗,2025-10-21 09:39:44,67.49,9100,67.5,D
sh603301,振德医疗,2025-10-21 09:39:48,67.49,3400,67.49,D
sh603301,振德医疗,2025-10-21 09:39:50,67.69,3100,67.49,U
sh603301,振德医疗,2025-10-21 09:39:54,67.49,8400,67.69,D
sh603301,振德医疗,2025-10-21 09:39:56,67.55,11940,67.49,U
sh603301,振德医疗,2025-10-21 09:40:03,68.02,14500,67.66,U
sh603301,振德医疗,2025-10-21 09:40:05,68.0,6700,68.02,U
sh603301,振德医疗,2025-10-21 09:40:18,67.94,10400,67.88,D
sh603301,振德医疗,2025-10-21 09:40:23,67.79,7000,67.9,D
sh603301,振德医疗,2025-10-21 09:40:26,67.78,3300,67.79,E
sh603301,振德医疗,2025-10-21 09:40:33,67.73,11400,67.8,D
sh603301,振德医疗,2025-10-21 09:40:35,67.71,5800,67.73,D
sh603301,振德医疗,2025-10-21 09:40:44,67.7,11200,67.64,U
sh603301,振德医疗,2025-10-21 09:40:51,67.74,17900,67.7,U
sh603301,振德医疗,2025-10-21 09:40:53,67.74,3100,67.74,D
sh603301,振德医疗,2025-10-21 09:41:05,67.8,3300,67.87,D
sh603301,振德医疗,2025-10-21 09:41:14,67.89,3200,67.85,D
sh603301,振德医疗,2025-10-21 09:41:17,67.83,4000,67.89,D
sh603301,振德医疗,2025-10-21 09:41:20,67.84,7300,67.83,E
sh603301,振德医疗,2025-10-21 09:41:24,67.85,3500,67.84,U
sh603301,振德医疗,2025-10-21 09:41:26,67.85,7500,67.85,U
sh603301,振德医疗,2025-10-21 09:41:38,68.02,37000,67.89,U
sh603301,振德医疗,2025-10-21 09:41:41,68.07,6200,68.02,U
sh603301,振德医疗,2025-10-21 09:41:45,68.11,22200,68.07,U
sh603301,振德医疗,2025-10-21 09:41:47,68.28,10700,68.11,U
sh603301,振德医疗,2025-10-21 09:41:56,68.32,118700,68.3,D
sh603301,振德医疗,2025-10-21 09:42:00,68.3,6600,68.32,D
sh603301,振德医疗,2025-10-21 09:42:02,68.29,14600,68.3,E
sh603301,振德医疗,2025-10-21 09:42:05,68.25,14400,68.29,E
sh603301,振德医疗,2025-10-21 09:42:08,68.29,5100,68.25,U
sh603301,振德医疗,2025-10-21 09:42:12,68.1,8000,68.29,E
sh603301,振德医疗,2025-10-21 09:42:14,68.07,5400,68.1,E
sh603301,振德医疗,2025-10-21 09:42:23,68.0,3300,67.96,U
sh603301,振德医疗,2025-10-21 09:42:30,67.89,23000,68.0,D
sh603301,振德医疗,2025-10-21 09:42:32,67.88,6000,67.89,D
sh603301,振德医疗,2025-10-21 09:42:35,67.98,11800,67.88,U
sh603301,振德医疗,2025-10-21 09:42:41,67.92,4200,67.92,D
sh603301,振德医疗,2025-10-21 09:42:45,67.92,6500,67.92,D
sh603301,振德医疗,2025-10-21 09:42:50,67.89,8600,67.94,D
sh603301,振德医疗,2025-10-21 09:42:54,67.65,52300,67.89,D
sh603301,振德医疗,2025-10-21 09:42:56,67.52,7200,67.65,D
sh603301,振德医疗,2025-10-21 09:43:00,67.54,37900,67.52,U
sh603301,振德医疗,2025-10-21 09:43:03,67.5,9000,67.54,D
sh603301,振德医疗,2025-10-21 09:43:14,67.54,6300,67.54,D
sh603301,振德医疗,2025-10-21 09:43:17,67.7,6500,67.54,U
sh603301,振德医疗,2025-10-21 09:43:26,67.92,12300,67.8,U
sh603301,振德医疗,2025-10-21 09:43:32,68.11,5600,67.94,U
sh603301,振德医疗,2025-10-21 09:43:35,68.24,15200,68.11,E
sh603301,振德医疗,2025-10-21 09:43:44,67.95,6200,68.24,D
sh603301,振德医疗,2025-10-21 09:43:51,67.99,14400,67.9,E
sh603301,振德医疗,2025-10-21 09:44:02,68.25,12200,68.09,U
sh603301,振德医疗,2025-10-21 09:44:05,68.24,6031,68.25,U
sh603301,振德医疗,2025-10-21 09:44:11,68.36,24000,68.24,U
sh603301,振德医疗,2025-10-21 09:44:14,68.36,4500,68.36,D
sh603301,振德医疗,2025-10-21 09:44:18,68.55,36200,68.36,U
sh603301,振德医疗,2025-10-21 09:44:20,68.65,3500,68.55,U
sh603301,振德医疗,2025-10-21 09:44:23,68.86,9109,68.65,U
sh603301,振德医疗,2025-10-21 09:44:27,68.9,9300,68.86,U
sh603301,振德医疗,2025-10-21 09:44:32,68.88,33600,68.9,D
sh603301,振德医疗,2025-10-21 09:44:36,68.9,9100,68.88,U
sh603301,振德医疗,2025-10-21 09:44:38,68.9,15391,68.9,U
sh603301,振德医疗,2025-10-21 09:44:41,68.87,12309,68.9,D
sh603301,振德医疗,2025-10-21 09:44:44,68.86,5700,68.87,E
sh603301,振德医疗,2025-10-21 09:44:47,68.86,3500,68.86,E
sh603301,振德医疗,2025-10-21 09:44:50,68.85,4500,68.86,U
sh603301,振德医疗,2025-10-21 09:44:53,68.8,15400,68.85,E
sh603301,振德医疗,2025-10-21 09:45:00,68.8,5500,68.77,U
sh603301,振德医疗,2025-10-21 09:45:02,68.8,7200,68.8,D
sh603301,振德医疗,2025-10-21 09:45:05,68.9,21300,68.8,U
sh603301,振德医疗,2025-10-21 09:45:11,68.87,17700,68.87,U
sh603301,振德医疗,2025-10-21 09:45:27,68.96,22900,68.92,U
sh603301,振德医疗,2025-10-21 09:45:30,68.96,4200,68.96,D
sh603301,振德医疗,2025-10-21 09:45:32,68.98,19700,68.96,U
sh603301,振德医疗,2025-10-21 09:45:36,69.02,11500,68.98,U
sh603301,振德医疗,2025-10-21 09:45:51,69.15,17200,69.14,E
sh603301,振德医疗,2025-10-21 09:45:53,69.18,12900,69.15,U
sh603301,振德医疗,2025-10-21 09:45:56,69.29,3800,69.18,U
sh603301,振德医疗,2025-10-21 09:46:00,69.37,6700,69.29,U
sh603301,振德医疗,2025-10-21 09:46:05,69.35,7200,69.35,E
sh603301,振德医疗,2025-10-21 09:46:08,69.4,4000,69.35,U
sh603301,振德医疗,2025-10-21 09:46:11,69.18,68700,69.4,D
sh603301,振德医疗,2025-10-21 09:46:15,69.01,18800,69.18,D
sh603301,振德医疗,2025-10-21 09:46:17,68.98,15000,69.01,D
sh603301,振德医疗,2025-10-21 09:46:20,68.92,21900,68.98,D
sh603301,振德医疗,2025-10-21 09:46:23,68.91,12400,68.92,D
sh603301,振德医疗,2025-10-21 09:46:26,68.92,14708,68.91,U
sh603301,振德医疗,2025-10-21 09:46:29,68.91,3600,68.92,E
sh603301,振德医疗,2025-10-21 09:46:32,68.93,3100,68.91,U
sh603301,振德医疗,2025-10-21 09:46:38,68.94,3300,68.93,U
sh603301,振德医疗,2025-10-21 09:46:45,68.95,3500,68.94,U
sh603301,振德医疗,2025-10-21 09:46:47,68.97,28800,68.95,U
sh603301,振德医疗,2025-10-21 09:46:50,68.96,4000,68.97,E
sh603301,振德医疗,2025-10-21 09:47:05,68.98,24200,69.1,D
sh603301,振德医疗,2025-10-21 09:47:08,68.94,11600,68.98,D
sh603301,振德医疗,2025-10-21 09:47:11,69.1,9400,68.94,U
sh603301,振德医疗,2025-10-21 09:47:14,69.1,3800,69.1,D
sh603301,振德医疗,2025-10-21 09:47:17,69.13,26600,69.1,U
sh603301,振德医疗,2025-10-21 09:47:27,69.15,8700,69.15,U
sh603301,振德医疗,2025-10-21 09:47:30,69.16,4500,69.15,U
sh603301,振德医疗,2025-10-21 09:47:35,69.15,23400,69.17,D
sh603301,振德医疗,2025-10-21 09:47:38,69.11,14500,69.15,D
sh603301,振德医疗,2025-10-21 09:47:45,69.13,9300,69.06,U
sh603301,振德医疗,2025-10-21 09:47:54,69.03,4700,69.0,U
sh603301,振德医疗,2025-10-21 09:48:00,69.02,12400,69.03,D
sh603301,振德医疗,2025-10-21 09:48:03,69.03,10600,69.02,U
sh603301,振德医疗,2025-10-21 09:48:05,68.99,27000,69.03,D
sh603301,振德医疗,2025-10-21 09:48:08,68.78,56992,68.99,D
sh603301,振德医疗,2025-10-21 09:48:11,68.51,16900,68.78,D
sh603301,振德医疗,2025-10-21 09:48:14,68.3,26600,68.51,D
sh603301,振德医疗,2025-10-21 09:48:20,68.46,15300,68.3,U
sh603301,振德医疗,2025-10-21 09:48:30,68.44,40500,68.39,D
sh603301,振德医疗,2025-10-21 09:48:51,68.45,12100,68.45,D
sh603301,振德医疗,2025-10-21 09:48:54,68.41,4000,68.45,D
sh603301,振德医疗,2025-10-21 09:48:57,68.45,11100,68.41,U
sh603301,振德医疗,2025-10-21 09:49:02,68.45,4100,68.45,D
sh603301,振德医疗,2025-10-21 09:49:11,68.3,20300,68.45,D
sh603301,振德医疗,2025-10-21 09:49:14,68.3,30100,68.3,E
sh603301,振德医疗,2025-10-21 09:49:23,68.24,6100,68.32,D
sh603301,振德医疗,2025-10-21 09:49:27,68.2,3900,68.24,D
sh603301,振德医疗,2025-10-21 09:49:33,68.2,3700,68.24,D
sh603301,振德医疗,2025-10-21 09:49:35,68.2,4100,68.2,D
sh603301,振德医疗,2025-10-21 09:49:38,68.2,4000,68.2,U
sh603301,振德医疗,2025-10-21 09:49:42,68.14,4000,68.2,D
sh603301,振德医疗,2025-10-21 09:49:45,68.14,17500,68.14,D
sh603301,振德医疗,2025-10-21 09:49:47,68.04,27000,68.14,D
sh603301,振德医疗,2025-10-21 09:49:51,68.05,11900,68.04,U
sh603301,振德医疗,2025-10-21 09:49:53,68.0,9300,68.05,D
sh603301,振德医疗,2025-10-21 09:49:59,68.06,3400,68.19,E
sh603301,振德医疗,2025-10-21 09:50:02,68.06,3300,68.06,D
sh603301,振德医疗,2025-10-21 09:50:11,68.08,4600,68.15,D
sh603301,振德医疗,2025-10-21 09:50:14,68.08,3900,68.08,U
sh603301,振德医疗,2025-10-21 09:50:21,68.03,12300,68.1,D
sh603301,振德医疗,2025-10-21 09:50:24,68.08,9200,68.03,U
sh603301,振德医疗,2025-10-21 09:50:27,68.08,6200,68.08,U
sh603301,振德医疗,2025-10-21 09:50:29,68.11,6300,68.08,U
sh603301,振德医疗,2025-10-21 09:50:32,68.24,4617,68.11,U
sh603301,振德医疗,2025-10-21 09:50:41,68.28,3500,68.24,U
sh603301,振德医疗,2025-10-21 09:50:47,68.31,3100,68.31,E
sh603301,振德医疗,2025-10-21 09:50:51,68.37,20900,68.31,U
sh603301,振德医疗,2025-10-21 09:50:54,68.43,4500,68.37,E
sh603301,振德医疗,2025-10-21 09:50:56,68.43,6000,68.43,U
sh603301,振德医疗,2025-10-21 09:51:05,68.55,33800,68.46,U
sh603301,振德医疗,2025-10-21 09:51:09,68.56,40000,68.55,U
sh603301,振德医疗,2025-10-21 09:51:12,68.56,4400,68.56,D
sh603301,振德医疗,2025-10-21 09:51:15,68.81,13000,68.56,U
sh603301,振德医疗,2025-10-21 09:51:23,68.72,6100,68.7,E
sh603301,振德医疗,2025-10-21 09:51:29,68.8,7400,68.8,U
sh603301,振德医疗,2025-10-21 09:51:32,68.7,4900,68.8,D
sh603301,振德医疗,2025-10-21 09:51:35,68.73,3200,68.7,E
sh603301,振德医疗,2025-10-21 09:51:41,68.73,6200,68.79,D
sh603301,振德医疗,2025-10-21 09:51:44,68.7,6300,68.73,D
sh603301,振德医疗,2025-10-21 09:51:53,68.81,5700,68.73,U
sh603301,振德医疗,2025-10-21 09:51:56,68.75,3800,68.81,E
sh603301,振德医疗,2025-10-21 09:52:02,68.68,16000,68.81,D
sh603301,振德医疗,2025-10-21 09:52:05,68.64,9200,68.68,D
sh603301,振德医疗,2025-10-21 09:52:17,68.52,17600,68.61,D
sh603301,振德医疗,2025-10-21 09:52:20,68.42,6200,68.52,D
sh603301,振德医疗,2025-10-21 09:52:27,68.42,3700,68.43,E
sh603301,振德医疗,2025-10-21 09:52:29,68.54,21500,68.42,U
sh603301,振德医疗,2025-10-21 09:52:32,68.54,3100,68.54,D
sh603301,振德医疗,2025-10-21 09:53:02,68.62,3500,68.54,U
sh603301,振德医疗,2025-10-21 09:53:38,68.7,4800,68.7,D
sh603301,振德医疗,2025-10-21 09:53:56,68.82,13400,68.89,D
sh603301,振德医疗,2025-10-21 09:54:00,68.8,17600,68.82,D
sh603301,振德医疗,2025-10-21 09:54:03,68.8,32700,68.8,U
sh603301,振德医疗,2025-10-21 09:54:08,68.93,25200,68.83,U
sh603301,振德医疗,2025-10-21 09:54:26,69.15,5700,69.1,U
sh603301,振德医疗,2025-10-21 09:54:30,69.0,29900,69.15,D
sh603301,振德医疗,2025-10-21 09:54:33,69.0,17800,69.0,U
sh603301,振德医疗,2025-10-21 09:54:35,68.9,13600,69.0,D
sh603301,振德医疗,2025-10-21 09:54:39,68.95,5200,68.9,U
sh603301,振德医疗,2025-10-21 09:54:41,69.0,12100,68.95,U
sh603301,振德医疗,2025-10-21 09:54:44,69.0,13900,69.0,U
sh603301,振德医疗,2025-10-21 09:54:47,69.0,15500,69.0,U
sh603301,振德医疗,2025-10-21 09:54:51,69.0,20300,69.0,U
sh603301,振德医疗,2025-10-21 09:54:53,69.0,16000,69.0,U
sh603301,振德医疗,2025-10-21 09:54:59,69.15,20200,69.0,U
sh603301,振德医疗,2025-10-21 09:55:02,69.16,48000,69.15,U
sh603301,振德医疗,2025-10-21 09:55:05,69.19,11600,69.16,E
sh603301,振德医疗,2025-10-21 09:55:11,69.2,36600,69.2,U
sh603301,振德医疗,2025-10-21 09:55:14,69.17,20400,69.2,D
sh603301,振德医疗,2025-10-21 09:55:17,69.2,11100,69.17,U
sh603301,振德医疗,2025-10-21 09:55:20,69.25,10500,69.2,U
sh603301,振德医疗,2025-10-21 09:55:23,69.25,8300,69.25,U
sh603301,振德医疗,2025-10-21 09:55:26,69.25,37200,69.25,U
sh603301,振德医疗,2025-10-21 09:55:29,69.28,9000,69.25,U
sh603301,振德医疗,2025-10-21 09:55:32,69.26,3000,69.28,E
sh603301,振德医疗,2025-10-21 09:55:41,69.33,4700,69.33,U
sh603301,振德医疗,2025-10-21 09:55:45,69.34,3500,69.33,U
sh603301,振德医疗,2025-10-21 09:55:50,69.32,13500,69.37,D
sh603301,振德医疗,2025-10-21 09:55:54,69.17,50900,69.32,D
sh603301,振德医疗,2025-10-21 09:55:57,69.15,25400,69.17,D
sh603301,振德医疗,2025-10-21 09:55:59,69.0,13100,69.15,D
sh603301,振德医疗,2025-10-21 09:56:02,69.0,17900,69.0,D
sh603301,振德医疗,2025-10-21 09:56:23,69.06,9500,69.1,D
sh603301,振德医疗,2025-10-21 09:56:26,68.97,5000,69.06,D
sh603301,振德医疗,2025-10-21 09:56:35,68.98,3600,68.98,U
sh603301,振德医疗,2025-10-21 09:56:51,69.0,4100,68.98,U
sh603301,振德医疗,2025-10-21 09:57:05,68.97,26500,69.01,D
sh603301,振德医疗,2025-10-21 09:57:12,69.0,5600,68.93,U
sh603301,振德医疗,2025-10-21 09:57:14,69.01,3600,69.0,U
sh603301,振德医疗,2025-10-21 09:57:38,69.07,5900,69.07,U
sh603301,振德医疗,2025-10-21 09:57:41,69.07,3700,69.07,U
sh603301,振德医疗,2025-10-21 09:57:59,69.02,4100,69.07,D
sh603301,振德医疗,2025-10-21 09:58:11,68.99,26500,69.05,D
sh603301,振德医疗,2025-10-21 09:58:14,69.06,11000,68.99,U
sh603301,振德医疗,2025-10-21 09:58:17,69.01,2900,69.06,D
sh603301,振德医疗,2025-10-21 09:58:32,69.18,57300,69.21,D
sh603301,振德医疗,2025-10-21 09:58:41,69.38,107800,69.31,U
sh603301,振德医疗,2025-10-21 09:58:44,69.47,6100,69.38,U
sh603301,振德医疗,2025-10-21 09:58:50,69.5,4900,69.47,U
sh603301,振德医疗,2025-10-21 09:58:53,69.5,33700,69.5,U
sh603301,振德医疗,2025-10-21 09:58:56,69.5,15600,69.5,U
sh603301,振德医疗,2025-10-21 09:59:00,69.47,12000,69.5,D
sh603301,振德医疗,2025-10-21 09:59:03,69.47,6000,69.47,U
sh603301,振德医疗,2025-10-21 09:59:06,69.42,6500,69.47,D
sh603301,振德医疗,2025-10-21 09:59:08,69.43,3600,69.42,E
sh603301,振德医疗,2025-10-21 09:59:14,69.44,3300,69.42,U
sh603301,振德医疗,2025-10-21 09:59:23,69.47,7900,69.44,U
sh603301,振德医疗,2025-10-21 09:59:26,69.47,5500,69.47,U
sh603301,振德医疗,2025-10-21 09:59:29,69.47,19500,69.47,U
sh603301,振德医疗,2025-10-21 09:59:32,69.47,5300,69.47,U
sh603301,振德医疗,2025-10-21 09:59:35,69.44,6100,69.47,D
sh603301,振德医疗,2025-10-21 09:59:38,69.48,5300,69.44,U
sh603301,振德医疗,2025-10-21 09:59:47,69.5,3300,69.49,U
sh603301,振德医疗,2025-10-21 10:00:05,69.64,11800,69.64,D
sh603301,振德医疗,2025-10-21 10:00:09,69.88,14100,69.64,U
sh603301,振德医疗,2025-10-21 10:00:12,69.59,9300,69.88,D
sh603301,振德医疗,2025-10-21 10:00:14,69.47,22700,69.59,D
sh603301,振德医疗,2025-10-21 10:00:17,69.44,6500,69.47,D
sh603301,振德医疗,2025-10-21 10:00:21,69.49,12900,69.44,U
sh603301,振德医疗,2025-10-21 10:00:27,69.74,6300,69.53,U
sh603301,振德医疗,2025-10-21 10:00:29,69.74,4500,69.74,U
sh603301,振德医疗,2025-10-21 10:00:32,69.9,7400,69.74,U
sh603301,振德医疗,2025-10-21 10:00:35,69.87,11100,69.9,D
sh603301,振德医疗,2025-10-21 10:00:39,69.9,43000,69.87,D
sh603301,振德医疗,2025-10-21 10:00:41,69.68,17200,69.9,D
sh603301,振德医疗,2025-10-21 10:00:44,69.86,13900,69.68,U
sh603301,振德医疗,2025-10-21 10:00:47,69.84,14300,69.86,E
sh603301,振德医疗,2025-10-21 10:00:51,69.7,5500,69.84,D
sh603301,振德医疗,2025-10-21 10:00:53,69.74,4600,69.7,E
sh603301,振德医疗,2025-10-21 10:00:56,69.79,4600,69.74,U
sh603301,振德医疗,2025-10-21 10:00:59,69.84,13500,69.79,U
sh603301,振德医疗,2025-10-21 10:01:05,69.9,6800,69.84,U
sh603301,振德医疗,2025-10-21 10:01:08,69.9,25200,69.9,U
sh603301,振德医疗,2025-10-21 10:01:11,70.0,29300,69.9,U
sh603301,振德医疗,2025-10-21 10:01:14,70.27,4400,70.0,U
sh603301,振德医疗,2025-10-21 10:01:20,70.0,22300,70.03,D
sh603301,振德医疗,2025-10-21 10:01:23,70.0,3800,70.0,U
sh603301,振德医疗,2025-10-21 10:01:26,70.0,26800,70.0,D
sh603301,振德医疗,2025-10-21 10:01:29,69.99,21200,70.0,D
sh603301,振德医疗,2025-10-21 10:01:33,69.98,11500,69.99,E
sh603301,振德医疗,2025-10-21 10:01:35,69.9,13700,69.98,D
sh603301,振德医疗,2025-10-21 10:01:42,69.9,4000,69.88,U
sh603301,振德医疗,2025-10-21 10:01:44,69.87,3600,69.9,E
sh603301,振德医疗,2025-10-21 10:01:48,69.91,3900,69.87,U
sh603301,振德医疗,2025-10-21 10:01:56,70.0,8500,69.99,U
sh603301,振德医疗,2025-10-21 10:01:59,70.0,7700,70.0,D
sh603301,振德医疗,2025-10-21 10:02:02,70.02,5800,70.0,E
sh603301,振德医疗,2025-10-21 10:02:08,70.05,20500,70.06,D
sh603301,振德医疗,2025-10-21 10:02:11,69.9,15600,70.05,D
sh603301,振德医疗,2025-10-21 10:02:14,69.9,19300,69.9,E
sh603301,振德医疗,2025-10-21 10:02:17,69.9,3200,69.9,U
sh603301,振德医疗,2025-10-21 10:02:20,69.9,4547,69.9,U
sh603301,振德医疗,2025-10-21 10:02:29,69.89,11753,69.93,D
sh603301,振德医疗,2025-10-21 10:02:32,69.82,10200,69.89,D
sh603301,振德医疗,2025-10-21 10:02:35,69.8,8800,69.82,D
sh603301,振德医疗,2025-10-21 10:02:41,69.7,3200,69.77,D
sh603301,振德医疗,2025-10-21 10:02:44,69.65,15000,69.7,D
sh603301,振德医疗,2025-10-21 10:02:47,69.71,3900,69.65,E
sh603301,振德医疗,2025-10-21 10:02:50,69.95,7500,69.71,U
sh603301,振德医疗,2025-10-21 10:02:54,69.9,6400,69.95,U
sh603301,振德医疗,2025-10-21 10:02:56,69.95,4200,69.9,U
sh603301,振德医疗,2025-10-21 10:03:02,69.95,11500,69.99,D
sh603301,振德医疗,2025-10-21 10:03:05,69.92,4300,69.95,D
sh603301,振德医疗,2025-10-21 10:03:08,69.9,3100,69.92,D
sh603301,振德医疗,2025-10-21 10:03:11,69.64,15300,69.9,D
sh603301,振德医疗,2025-10-21 10:03:15,69.64,20900,69.64,U
sh603301,振德医疗,2025-10-21 10:03:17,69.64,3300,69.64,U
sh603301,振德医疗,2025-10-21 10:03:20,69.64,8400,69.64,D
sh603301,振德医疗,2025-10-21 10:03:24,69.55,4600,69.64,E
sh603301,振德医疗,2025-10-21 10:03:26,69.46,21300,69.55,D
sh603301,振德医疗,2025-10-21 10:03:29,69.45,21000,69.46,E
sh603301,振德医疗,2025-10-21 10:03:32,69.46,13600,69.45,E
sh603301,振德医疗,2025-10-21 10:03:48,69.62,12200,69.64,D
sh603301,振德医疗,2025-10-21 10:03:50,69.5,6800,69.62,D
sh603301,振德医疗,2025-10-21 10:03:59,69.52,5900,69.51,U
sh603301,振德医疗,2025-10-21 10:04:03,69.51,3500,69.52,E
sh603301,振德医疗,2025-10-21 10:04:24,69.8,6500,69.7,U
sh603301,振德医疗,2025-10-21 10:04:26,69.71,4400,69.8,D
sh603301,振德医疗,2025-10-21 10:04:32,69.66,3000,69.66,D
sh603301,振德医疗,2025-10-21 10:04:36,69.68,3500,69.66,E
sh603301,振德医疗,2025-10-21 10:04:42,69.8,7100,69.7,U
sh603301,振德医疗,2025-10-21 10:04:44,69.79,3600,69.8,D
sh603301,振德医疗,2025-10-21 10:05:03,69.77,5000,69.84,D
sh603301,振德医疗,2025-10-21 10:05:14,69.8,3200,69.8,U
sh603301,振德医疗,2025-10-21 10:05:17,69.8,6200,69.8,E
sh603301,振德医疗,2025-10-21 10:05:20,69.8,6500,69.8,D
sh603301,振德医疗,2025-10-21 10:05:23,69.78,10700,69.8,U
sh603301,振德医疗,2025-10-21 10:05:27,69.78,3700,69.78,D
sh603301,振德医疗,2025-10-21 10:05:29,69.8,5400,69.78,U
sh603301,振德医疗,2025-10-21 10:05:50,69.8,3600,69.8,D
sh603301,振德医疗,2025-10-21 10:05:59,69.84,3500,69.81,U
sh603301,振德医疗,2025-10-21 10:06:08,69.9,6900,69.88,U
sh603301,振德医疗,2025-10-21 10:06:11,69.9,3000,69.9,U
sh603301,振德医疗,2025-10-21 10:06:30,69.85,13800,69.98,D
sh603301,振德医疗,2025-10-21 10:06:32,69.88,10400,69.85,U
sh603301,振德医疗,2025-10-21 10:06:36,69.89,3200,69.88,E
sh603301,振德医疗,2025-10-21 10:06:39,69.9,4600,69.89,U
sh603301,振德医疗,2025-10-21 10:06:42,69.91,3100,69.9,U
sh603301,振德医疗,2025-10-21 10:06:56,69.88,3300,69.9,D
sh603301,振德医疗,2025-10-21 10:07:00,69.85,4000,69.88,D
sh603301,振德医疗,2025-10-21 10:07:02,69.86,2900,69.85,U
sh603301,振德医疗,2025-10-21 10:07:12,69.87,6900,69.86,U
sh603301,振德医疗,2025-10-21 10:07:23,69.9,7100,69.9,U
sh603301,振德医疗,2025-10-21 10:07:41,69.99,11100,69.93,U
sh603301,振德医疗,2025-10-21 10:07:57,70.0,3700,70.0,U
sh603301,振德医疗,2025-10-21 10:07:59,70.02,10200,70.0,U
sh603301,振德医疗,2025-10-21 10:08:08,70.02,25800,70.03,D
sh603301,振德医疗,2025-10-21 10:08:11,70.04,20200,70.02,U
sh603301,振德医疗,2025-10-21 10:08:18,70.06,2900,70.04,U
sh603301,振德医疗,2025-10-21 10:08:24,70.1,18300,70.08,U
sh603301,振德医疗,2025-10-21 10:08:26,70.17,20800,70.1,U
sh603301,振德医疗,2025-10-21 10:08:39,70.27,4500,70.25,U
sh603301,振德医疗,2025-10-21 10:08:41,70.33,7500,70.27,U
sh603301,振德医疗,2025-10-21 10:08:44,70.5,26000,70.33,U
sh603301,振德医疗,2025-10-21 10:08:48,70.4,20200,70.5,E
sh603301,振德医疗,2025-10-21 10:08:51,70.5,6400,70.4,U
sh603301,振德医疗,2025-10-21 10:08:54,70.5,3700,70.5,U
sh603301,振德医疗,2025-10-21 10:08:57,70.55,4200,70.5,U
sh603301,振德医疗,2025-10-21 10:09:03,70.48,29200,70.6,D
sh603301,振德医疗,2025-10-21 10:09:06,70.33,5900,70.48,D
sh603301,振德医疗,2025-10-21 10:09:08,70.5,12400,70.33,U
sh603301,振德医疗,2025-10-21 10:09:17,70.4,3200,70.4,U
sh603301,振德医疗,2025-10-21 10:09:20,70.33,4700,70.4,E
sh603301,振德医疗,2025-10-21 10:09:23,70.32,2900,70.33,D
sh603301,振德医疗,2025-10-21 10:09:26,70.35,7500,70.32,E
sh603301,振德医疗,2025-10-21 10:09:30,70.4,6200,70.35,U
sh603301,振德医疗,2025-10-21 10:09:32,70.35,6200,70.4,D
sh603301,振德医疗,2025-10-21 10:09:35,70.34,4200,70.35,E
sh603301,振德医疗,2025-10-21 10:09:41,70.3,5800,70.34,D
sh603301,振德医疗,2025-10-21 10:09:45,70.24,36100,70.3,D
sh603301,振德医疗,2025-10-21 10:09:47,70.26,4800,70.24,U
sh603301,振德医疗,2025-10-21 10:10:02,70.17,2900,70.17,D
sh603301,振德医疗,2025-10-21 10:10:09,70.17,3100,70.18,D
sh603301,振德医疗,2025-10-21 10:10:17,70.25,3600,70.2,U
sh603301,振德医疗,2025-10-21 10:10:35,70.24,2900,70.23,U
sh603301,振德医疗,2025-10-21 10:10:38,70.24,22100,70.24,U
sh603301,振德医疗,2025-10-21 10:10:42,70.29,7600,70.24,U
sh603301,振德医疗,2025-10-21 10:11:00,70.38,9100,70.34,U
sh603301,振德医疗,2025-10-21 10:11:02,70.38,9900,70.38,U
sh603301,振德医疗,2025-10-21 10:11:11,70.41,3300,70.4,D
sh603301,振德医疗,2025-10-21 10:11:18,70.41,6440,70.41,D
sh603301,振德医疗,2025-10-21 10:11:20,70.41,10460,70.41,D
sh603301,振德医疗,2025-10-21 10:11:24,70.41,11500,70.41,D
sh603301,振德医疗,2025-10-21 10:11:26,70.39,10200,70.41,D
sh603301,振德医疗,2025-10-21 10:11:29,70.3,6900,70.39,D
sh603301,振德医疗,2025-10-21 10:11:32,70.27,5500,70.3,D
sh603301,振德医疗,2025-10-21 10:11:36,70.3,4700,70.27,U
sh603301,振德医疗,2025-10-21 10:11:38,70.27,5100,70.3,D
sh603301,振德医疗,2025-10-21 10:11:47,70.3,6100,70.3,D
sh603301,振德医疗,2025-10-21 10:11:50,70.21,18700,70.3,D
sh603301,振德医疗,2025-10-21 10:11:53,70.24,20200,70.21,E
sh603301,振德医疗,2025-10-21 10:11:56,70.24,4600,70.24,U
sh603301,振德医疗,2025-10-21 10:12:02,70.2,8400,70.21,U
sh603301,振德医疗,2025-10-21 10:12:05,70.18,14500,70.2,D
sh603301,振德医疗,2025-10-21 10:12:24,70.1,3100,70.1,D
sh603301,振德医疗,2025-10-21 10:12:29,70.11,4200,70.12,D
sh603301,振德医疗,2025-10-21 10:13:17,70.2,6700,70.2,D
sh603301,振德医疗,2025-10-21 10:13:20,70.18,5300,70.2,D
sh603301,振德医疗,2025-10-21 10:13:41,70.19,23600,70.25,D
sh603301,振德医疗,2025-10-21 10:13:44,70.21,9000,70.19,U
sh603301,振德医疗,2025-10-21 10:13:47,70.18,10000,70.21,D
sh603301,振德医疗,2025-10-21 10:13:51,70.3,9800,70.18,U
sh603301,振德医疗,2025-10-21 10:13:53,70.41,32700,70.3,U
sh603301,振德医疗,2025-10-21 10:13:56,70.5,6600,70.41,U
sh603301,振德医疗,2025-10-21 10:13:59,70.5,9400,70.5,U
sh603301,振德医疗,2025-10-21 10:14:05,70.59,3000,70.55,U
sh603301,振德医疗,2025-10-21 10:14:24,70.75,7500,70.73,U
sh603301,振德医疗,2025-10-21 10:14:27,70.73,4200,70.75,E
sh603301,振德医疗,2025-10-21 10:14:33,70.75,9700,70.75,U
sh603301,振德医疗,2025-10-21 10:14:35,70.75,17300,70.75,D
sh603301,振德医疗,2025-10-21 10:14:38,70.75,16700,70.75,U
sh603301,振德医疗,2025-10-21 10:14:53,70.75,14200,70.79,D
sh603301,振德医疗,2025-10-21 10:14:56,70.78,5700,70.75,U
sh603301,振德医疗,2025-10-21 10:14:59,70.78,6200,70.78,U
sh603301,振德医疗,2025-10-21 10:15:03,70.78,6400,70.78,D
sh603301,振德医疗,2025-10-21 10:15:08,70.85,3100,70.79,U
sh603301,振德医疗,2025-10-21 10:15:12,70.84,15600,70.85,E
sh603301,振德医疗,2025-10-21 10:15:15,70.85,4400,70.84,U
sh603301,振德医疗,2025-10-21 10:15:20,71.0,15600,70.93,U
sh603301,振德医疗,2025-10-21 10:15:23,71.0,15400,71.0,U
sh603301,振德医疗,2025-10-21 10:15:26,71.05,9900,71.0,U
sh603301,振德医疗,2025-10-21 10:15:38,71.2,5200,71.2,U
sh603301,振德医疗,2025-10-21 10:15:42,71.2,3900,71.2,U
sh603301,振德医疗,2025-10-21 10:15:50,71.26,6500,71.27,E
sh603301,振德医疗,2025-10-21 10:15:54,71.27,17600,71.26,U
sh603301,振德医疗,2025-10-21 10:15:56,71.26,13000,71.27,E
sh603301,振德医疗,2025-10-21 10:16:00,71.27,7500,71.26,U
sh603301,振德医疗,2025-10-21 10:16:02,71.2,22400,71.27,D
sh603301,振德医疗,2025-10-21 10:16:06,71.15,7900,71.2,D
sh603301,振德医疗,2025-10-21 10:16:09,71.21,8500,71.15,U
sh603301,振德医疗,2025-10-21 10:16:15,71.15,5100,71.17,E
sh603301,振德医疗,2025-10-21 10:16:21,71.14,11400,71.14,D
sh603301,振德医疗,2025-10-21 10:16:26,71.06,12400,71.11,D
sh603301,振德医疗,2025-10-21 10:16:30,71.04,3700,71.06,E
sh603301,振德医疗,2025-10-21 10:16:44,70.88,3300,71.0,D
sh603301,振德医疗,2025-10-21 10:16:50,70.99,3400,70.99,D
sh603301,振德医疗,2025-10-21 10:17:02,70.98,5700,70.98,U
sh603301,振德医疗,2025-10-21 10:17:42,71.08,3400,71.08,D
sh603301,振德医疗,2025-10-21 10:17:44,71.0,21500,71.08,D
sh603301,振德医疗,2025-10-21 10:17:47,71.08,4600,71.0,U
sh603301,振德医疗,2025-10-21 10:17:50,71.09,3800,71.08,U
sh603301,振德医疗,2025-10-21 10:18:03,71.01,10600,71.11,D
sh603301,振德医疗,2025-10-21 10:18:05,71.0,3000,71.01,D
sh603301,振德医疗,2025-10-21 10:18:12,70.87,47900,71.02,D
sh603301,振德医疗,2025-10-21 10:18:14,70.76,8600,70.87,D
sh603301,振德医疗,2025-10-21 10:18:23,70.75,4100,70.76,D
sh603301,振德医疗,2025-10-21 10:18:32,70.88,14100,70.85,E
sh603301,振德医疗,2025-10-21 10:18:36,70.89,10600,70.88,U
sh603301,振德医疗,2025-10-21 10:18:38,70.89,3400,70.89,U
sh603301,振德医疗,2025-10-21 10:18:41,70.88,3700,70.89,E
sh603301,振德医疗,2025-10-21 10:18:45,70.77,5300,70.88,E
sh603301,振德医疗,2025-10-21 10:18:53,70.97,3300,70.89,U
sh603301,振德医疗,2025-10-21 10:18:56,70.81,40500,70.97,D
sh603301,振德医疗,2025-10-21 10:19:32,70.95,4400,70.91,E
sh603301,振德医疗,2025-10-21 10:19:38,70.96,5500,70.97,E
sh603301,振德医疗,2025-10-21 10:19:41,70.96,3100,70.96,U
sh603301,振德医疗,2025-10-21 10:19:50,70.98,3400,70.96,U
sh603301,振德医疗,2025-10-21 10:19:57,70.99,5800,70.98,E
sh603301,振德医疗,2025-10-21 10:20:02,71.0,5700,71.0,U
sh603301,振德医疗,2025-10-21 10:20:14,71.0,6900,70.99,U
sh603301,振德医疗,2025-10-21 10:20:18,70.87,10500,71.0,D
sh603301,振德医疗,2025-10-21 10:20:20,70.88,7500,70.87,U
sh603301,振德医疗,2025-10-21 10:20:29,70.86,6100,70.85,U
sh603301,振德医疗,2025-10-21 10:20:36,70.82,4000,70.82,D
sh603301,振德医疗,2025-10-21 10:20:48,70.81,4600,70.82,D
sh603301,振德医疗,2025-10-21 10:20:50,70.8,5900,70.81,D
sh603301,振德医疗,2025-10-21 10:20:53,70.71,4000,70.8,D
sh603301,振德医疗,2025-10-21 10:20:57,70.66,2900,70.71,D
sh603301,振德医疗,2025-10-21 10:21:12,70.72,6000,70.65,U
sh603301,振德医疗,2025-10-21 10:21:26,70.85,6700,70.82,U
sh603301,振德医疗,2025-10-21 10:21:59,70.94,13700,70.97,D
sh603301,振德医疗,2025-10-21 10:22:02,70.99,5300,70.94,U
sh603301,振德医疗,2025-10-21 10:22:11,70.86,8600,70.94,D
sh603301,振德医疗,2025-10-21 10:22:14,70.81,30300,70.86,D
sh603301,振德医疗,2025-10-21 10:22:21,70.7,9800,70.72,D
sh603301,振德医疗,2025-10-21 10:22:38,70.86,10400,70.9,E
sh603301,振德医疗,2025-10-21 10:23:00,70.86,16800,70.85,U
sh603301,振德医疗,2025-10-21 10:23:23,70.94,10500,70.86,U
sh603301,振德医疗,2025-10-21 10:23:41,70.7,11700,70.78,D
sh603301,振德医疗,2025-10-21 10:23:44,70.69,8200,70.7,D
sh603301,振德医疗,2025-10-21 10:23:57,70.63,3200,70.65,D
sh603301,振德医疗,2025-10-21 10:24:05,70.63,4100,70.63,D
sh603301,振德医疗,2025-10-21 10:24:08,70.63,5500,70.63,D
sh603301,振德医疗,2025-10-21 10:24:12,70.65,4400,70.63,U
sh603301,振德医疗,2025-10-21 10:24:15,70.71,8800,70.65,U
sh603301,振德医疗,2025-10-21 10:24:32,70.63,20000,70.76,D
sh603301,振德医疗,2025-10-21 10:24:56,70.68,3200,70.65,U
sh603301,振德医疗,2025-10-21 10:25:09,70.63,6400,70.64,D
sh603301,振德医疗,2025-10-21 10:25:45,70.64,6800,70.64,D
sh603301,振德医疗,2025-10-21 10:25:48,70.61,34800,70.64,D
sh603301,振德医疗,2025-10-21 10:25:50,70.59,8200,70.61,D
sh603301,振德医疗,2025-10-21 10:26:02,70.51,8000,70.51,D
sh603301,振德医疗,2025-10-21 10:26:06,70.52,5600,70.51,U
sh603301,振德医疗,2025-10-21 10:26:09,70.52,5000,70.52,U
sh603301,振德医疗,2025-10-21 10:26:11,70.51,3600,70.52,D
sh603301,振德医疗,2025-10-21 10:26:26,70.51,3400,70.54,D
sh603301,振德医疗,2025-10-21 10:26:41,70.67,22600,70.56,U
sh603301,振德医疗,2025-10-21 10:26:44,70.69,3800,70.67,E
sh603301,振德医疗,2025-10-21 10:26:56,70.72,21500,70.69,E
sh603301,振德医疗,2025-10-21 10:27:41,70.59,6300,70.59,D
sh603301,振德医疗,2025-10-21 10:27:51,70.55,4700,70.59,D
sh603301,振德医疗,2025-10-21 10:27:53,70.52,20100,70.55,D
sh603301,振德医疗,2025-10-21 10:28:11,70.7,9100,70.65,U
sh603301,振德医疗,2025-10-21 10:28:14,70.76,3100,70.7,U
sh603301,振德医疗,2025-10-21 10:29:17,70.79,3100,70.81,D
sh603301,振德医疗,2025-10-21 10:29:20,70.93,5600,70.79,U
sh603301,振德医疗,2025-10-21 10:29:41,70.93,8400,70.93,U
sh603301,振德医疗,2025-10-21 10:29:44,70.99,3200,70.93,U
sh603301,振德医疗,2025-10-21 10:29:48,70.89,3600,70.99,D
sh603301,振德医疗,2025-10-21 10:29:51,71.0,5200,70.89,U
sh603301,振德医疗,2025-10-21 10:29:59,70.91,2900,70.85,E
sh603301,振德医疗,2025-10-21 10:30:08,71.0,3100,70.92,U
sh603301,振德医疗,2025-10-21 10:30:53,70.97,3300,70.97,D
sh603301,振德医疗,2025-10-21 10:30:56,70.99,7500,70.97,U
sh603301,振德医疗,2025-10-21 10:31:11,70.96,3700,70.99,D
sh603301,振德医疗,2025-10-21 10:31:14,70.98,2900,70.96,E
sh603301,振德医疗,2025-10-21 10:31:27,70.97,9500,71.0,D
sh603301,振德医疗,2025-10-21 10:31:29,70.98,5100,70.97,E
sh603301,振德医疗,2025-10-21 10:31:35,70.99,3000,70.99,D
sh603301,振德医疗,2025-10-21 10:32:05,71.08,8900,71.08,U
sh603301,振德医疗,2025-10-21 10:33:00,71.11,4000,71.11,U
sh603301,振德医疗,2025-10-21 10:33:45,71.14,4800,71.14,D
sh603301,振德医疗,2025-10-21 10:33:48,71.06,12700,71.14,D
sh603301,振德医疗,2025-10-21 10:33:51,71.07,5900,71.06,E
sh603301,振德医疗,2025-10-21 10:34:23,71.1,4800,71.06,U
sh603301,振德医疗,2025-10-21 10:34:26,71.25,86900,71.1,U
sh603301,振德医疗,2025-10-21 10:34:29,71.3,8500,71.25,U
sh603301,振德医疗,2025-10-21 10:34:35,71.39,4000,71.36,U
sh603301,振德医疗,2025-10-21 10:34:38,71.39,64900,71.39,U
sh603301,振德医疗,2025-10-21 10:34:45,71.38,37500,71.5,D
sh603301,振德医疗,2025-10-21 10:35:08,71.49,12300,71.5,D
sh603301,振德医疗,2025-10-21 10:35:11,71.44,30200,71.49,U
sh603301,振德医疗,2025-10-21 10:35:15,71.41,7800,71.44,D
sh603301,振德医疗,2025-10-21 10:35:23,71.37,8500,71.41,D
sh603301,振德医疗,2025-10-21 10:35:35,71.38,6600,71.38,D
sh603301,振德医疗,2025-10-21 10:35:38,71.3,7000,71.38,D
sh603301,振德医疗,2025-10-21 10:35:47,71.13,3500,71.3,D
sh603301,振德医疗,2025-10-21 10:35:53,71.11,7500,71.13,D
sh603301,振德医疗,2025-10-21 10:35:57,71.09,81300,71.11,D
sh603301,振德医疗,2025-10-21 10:35:59,71.05,8600,71.09,D
sh603301,振德医疗,2025-10-21 10:36:02,70.85,15800,71.05,D
sh603301,振德医疗,2025-10-21 10:36:06,71.04,5500,70.85,U
sh603301,振德医疗,2025-10-21 10:36:29,71.03,2900,71.01,U
sh603301,振德医疗,2025-10-21 10:36:47,70.87,21900,71.01,D
sh603301,振德医疗,2025-10-21 10:37:14,70.92,4800,70.99,D
sh603301,振德医疗,2025-10-21 10:37:47,70.99,10100,71.01,D
sh603301,振德医疗,2025-10-21 10:38:20,70.96,20700,71.08,D
sh603301,振德医疗,2025-10-21 10:40:12,70.76,21200,70.71,U
sh603301,振德医疗,2025-10-21 10:40:15,70.91,6100,70.76,U
sh603301,振德医疗,2025-10-21 10:40:17,71.2,11400,70.91,U
sh603301,振德医疗,2025-10-21 10:40:20,71.2,11400,71.2,U
sh603301,振德医疗,2025-10-21 10:40:24,71.21,33200,71.2,U
sh603301,振德医疗,2025-10-21 10:40:27,71.3,10100,71.21,U
sh603301,振德医疗,2025-10-21 10:40:29,71.16,24200,71.3,D
sh603301,振德医疗,2025-10-21 10:40:38,71.16,6100,71.16,D
sh603301,振德医疗,2025-10-21 10:40:41,71.2,3700,71.16,U
sh603301,振德医疗,2025-10-21 10:41:02,70.96,8600,71.12,D
sh603301,振德医疗,2025-10-21 10:41:44,71.11,5500,71.12,D
sh603301,振德医疗,2025-10-21 10:41:56,71.0,5400,71.09,D
sh603301,振德医疗,2025-10-21 10:41:59,71.09,12600,71.0,U
sh603301,振德医疗,2025-10-21 10:42:02,71.16,6800,71.09,U
sh603301,振德医疗,2025-10-21 10:42:09,71.16,6700,71.17,D
sh603301,振德医疗,2025-10-21 10:42:21,71.02,8600,71.17,D
sh603301,振德医疗,2025-10-21 10:42:23,71.14,24900,71.02,U
sh603301,振德医疗,2025-10-21 10:42:32,71.05,3200,71.14,D
sh603301,振德医疗,2025-10-21 10:42:57,71.13,8700,71.14,E
sh603301,振德医疗,2025-10-21 10:42:59,71.14,7200,71.13,U
sh603301,振德医疗,2025-10-21 10:43:02,71.29,14500,71.14,U
sh603301,振德医疗,2025-10-21 10:43:18,71.28,4100,71.31,E
sh603301,振德医疗,2025-10-21 10:43:21,71.05,18700,71.28,D
sh603301,振德医疗,2025-10-21 10:43:35,71.2,3800,71.27,E
sh603301,振德医疗,2025-10-21 10:43:38,71.15,4700,71.2,E
sh603301,振德医疗,2025-10-21 10:43:56,71.27,8400,71.19,U
sh603301,振德医疗,2025-10-21 10:44:03,71.19,3500,71.27,D
sh603301,振德医疗,2025-10-21 10:44:05,71.24,3100,71.19,E
sh603301,振德医疗,2025-10-21 10:44:42,71.21,4900,71.22,D
sh603301,振德医疗,2025-10-21 10:45:12,71.21,3200,71.22,D
sh603301,振德医疗,2025-10-21 10:45:18,71.23,3000,71.21,U
sh603301,振德医疗,2025-10-21 10:45:23,71.18,10900,71.23,D
sh603301,振德医疗,2025-10-21 10:46:45,71.1,14900,71.17,D
sh603301,振德医疗,2025-10-21 10:47:14,71.0,4300,71.01,D
sh603301,振德医疗,2025-10-21 10:47:36,70.81,4400,70.8,U
sh603301,振德医疗,2025-10-21 10:47:38,70.8,4600,70.81,U
sh603301,振德医疗,2025-10-21 10:47:41,70.97,3400,70.8,U
sh603301,振德医疗,2025-10-21 10:48:05,70.96,5100,70.96,D
sh603301,振德医疗,2025-10-21 10:48:29,70.85,9700,70.88,D
sh603301,振德医疗,2025-10-21 10:48:35,70.86,4400,70.86,D
sh603301,振德医疗,2025-10-21 10:48:42,70.85,3900,70.85,D
sh603301,振德医疗,2025-10-21 10:48:56,70.7,7000,70.73,D
sh603301,振德医疗,2025-10-21 10:49:06,70.68,4300,70.68,U
sh603301,振德医疗,2025-10-21 10:49:08,70.61,4100,70.68,D
sh603301,振德医疗,2025-10-21 10:49:15,70.61,5600,70.7,D
sh603301,振德医疗,2025-10-21 10:50:03,70.62,4500,70.69,D
sh603301,振德医疗,2025-10-21 10:50:11,70.6,3800,70.6,D
sh603301,振德医疗,2025-10-21 10:50:17,70.55,5400,70.6,E
sh603301,振德医疗,2025-10-21 10:50:21,70.55,6200,70.55,U
sh603301,振德医疗,2025-10-21 10:50:29,70.51,15100,70.51,D
sh603301,振德医疗,2025-10-21 10:50:32,70.61,3300,70.51,U
sh603301,振德医疗,2025-10-21 10:50:56,70.71,4100,70.71,D
sh603301,振德医疗,2025-10-21 10:51:14,70.7,9400,70.71,D
sh603301,振德医疗,2025-10-21 10:51:27,70.6,8500,70.67,D
sh603301,振德医疗,2025-10-21 10:51:29,70.59,10800,70.6,D
sh603301,振德医疗,2025-10-21 10:51:38,70.6,5700,70.59,U
sh603301,振德医疗,2025-10-21 10:52:02,70.48,26000,70.52,D
sh603301,振德医疗,2025-10-21 10:52:36,70.3,3300,70.3,D
sh603301,振德医疗,2025-10-21 10:52:42,70.19,7200,70.2,D
sh603301,振德医疗,2025-10-21 10:52:44,70.17,6800,70.19,E
sh603301,振德医疗,2025-10-21 10:52:48,70.17,4900,70.17,D
sh603301,振德医疗,2025-10-21 10:52:50,70.16,4200,70.17,D
sh603301,振德医疗,2025-10-21 10:52:54,70.17,11700,70.16,U
sh603301,振德医疗,2025-10-21 10:52:56,70.15,3800,70.17,D
sh603301,振德医疗,2025-10-21 10:52:59,70.11,13800,70.15,D
sh603301,振德医疗,2025-10-21 10:53:02,70.1,10000,70.11,D
sh603301,振德医疗,2025-10-21 10:53:05,70.15,12700,70.1,U
sh603301,振德医疗,2025-10-21 10:53:08,70.11,3600,70.15,E
sh603301,振德医疗,2025-10-21 10:53:21,70.2,4200,70.17,U
sh603301,振德医疗,2025-10-21 10:53:26,70.33,3300,70.13,U
sh603301,振德医疗,2025-10-21 10:53:48,70.38,6000,70.33,U
sh603301,振德医疗,2025-10-21 10:54:14,70.15,3200,70.16,D
sh603301,振德医疗,2025-10-21 10:54:17,70.21,8600,70.15,U
sh603301,振德医疗,2025-10-21 10:54:29,70.2,3500,70.21,D
sh603301,振德医疗,2025-10-21 10:55:03,70.37,2987,70.27,U
sh603301,振德医疗,2025-10-21 10:55:26,70.37,2913,70.37,U
sh603301,振德医疗,2025-10-21 10:56:08,70.45,7900,70.41,U
sh603301,振德医疗,2025-10-21 10:57:05,70.48,4100,70.49,D
sh603301,振德医疗,2025-10-21 10:57:14,70.48,4400,70.49,D
sh603301,振德医疗,2025-10-21 10:57:21,70.47,8700,70.48,D
sh603301,振德医疗,2025-10-21 10:57:24,70.43,10700,70.47,D
sh603301,振德医疗,2025-10-21 10:57:47,70.37,3500,70.37,D
sh603301,振德医疗,2025-10-21 10:57:53,70.37,4687,70.37,D
sh603301,振德医疗,2025-10-21 10:58:15,70.31,3400,70.34,U
sh603301,振德医疗,2025-10-21 10:58:44,70.25,5800,70.28,D
sh603301,振德医疗,2025-10-21 10:59:03,70.22,4200,70.24,D
sh603301,振德医疗,2025-10-21 10:59:20,70.39,8600,70.28,U
sh603301,振德医疗,2025-10-21 10:59:38,70.47,4400,70.47,U
sh603301,振德医疗,2025-10-21 10:59:47,70.46,6300,70.42,E
sh603301,振德医疗,2025-10-21 11:00:20,70.39,3400,70.51,D
sh603301,振德医疗,2025-10-21 11:00:53,70.29,3000,70.3,D
sh603301,振德医疗,2025-10-21 11:01:53,70.35,4800,70.32,U
sh603301,振德医疗,2025-10-21 11:02:38,70.36,3100,70.36,D
sh603301,振德医疗,2025-10-21 11:03:50,70.46,22700,70.38,U
sh603301,振德医疗,2025-10-21 11:05:56,70.34,3400,70.36,D
sh603301,振德医疗,2025-10-21 11:06:53,70.43,3100,70.43,D
sh603301,振德医疗,2025-10-21 11:07:12,70.39,3700,70.4,D
sh603301,振德医疗,2025-10-21 11:08:29,70.36,3500,70.43,D
sh603301,振德医疗,2025-10-21 11:08:50,70.37,4200,70.38,D
sh603301,振德医疗,2025-10-21 11:09:23,70.52,4000,70.59,D
sh603301,振德医疗,2025-10-21 11:09:26,70.55,9200,70.52,U
sh603301,振德医疗,2025-10-21 11:09:29,70.55,6900,70.55,U
sh603301,振德医疗,2025-10-21 11:10:14,70.45,3900,70.45,U
sh603301,振德医疗,2025-10-21 11:10:17,70.41,5900,70.45,D
sh603301,振德医疗,2025-10-21 11:10:26,70.45,4200,70.45,D
sh603301,振德医疗,2025-10-21 11:11:20,70.54,4100,70.52,U
sh603301,振德医疗,2025-10-21 11:12:08,70.46,3700,70.47,D
sh603301,振德医疗,2025-10-21 11:12:14,70.4,3700,70.45,D
sh603301,振德医疗,2025-10-21 11:12:35,70.38,3300,70.39,D
sh603301,振德医疗,2025-10-21 11:12:59,70.37,7400,70.36,U
sh603301,振德医疗,2025-10-21 11:13:18,70.4,6500,70.36,U
sh603301,振德医疗,2025-10-21 11:13:47,70.38,4600,70.39,D
sh603301,振德医疗,2025-10-21 11:13:54,70.35,3100,70.36,D
sh603301,振德医疗,2025-10-21 11:15:05,70.37,3300,70.37,D
sh603301,振德医疗,2025-10-21 11:15:14,70.37,4500,70.37,D
sh603301,振德医疗,2025-10-21 11:15:26,70.45,5399,70.37,U
sh603301,振德医疗,2025-10-21 11:16:08,70.55,3700,70.52,U
sh603301,振德医疗,2025-10-21 11:16:32,70.62,4400,70.65,D
sh603301,振德医疗,2025-10-21 11:16:57,70.64,3300,70.64,D
sh603301,振德医疗,2025-10-21 11:17:08,70.65,3800,70.61,U
sh603301,振德医疗,2025-10-21 11:17:23,70.59,4100,70.63,D
sh603301,振德医疗,2025-10-21 11:17:26,70.55,4400,70.59,D
sh603301,振德医疗,2025-10-21 11:17:30,70.51,4800,70.55,D
sh603301,振德医疗,2025-10-21 11:20:03,70.78,3800,70.79,D
sh603301,振德医疗,2025-10-21 11:20:05,70.77,3900,70.78,D
sh603301,振德医疗,2025-10-21 11:20:20,70.78,11800,70.77,U
sh603301,振德医疗,2025-10-21 11:20:33,70.78,7900,70.78,D
sh603301,振德医疗,2025-10-21 11:20:35,70.77,4300,70.78,D
sh603301,振德医疗,2025-10-21 11:20:39,70.77,4600,70.77,E
sh603301,振德医疗,2025-10-21 11:21:26,70.86,2900,70.86,U
sh603301,振德医疗,2025-10-21 11:21:50,70.86,4700,70.89,D
sh603301,振德医疗,2025-10-21 11:22:54,70.89,8900,70.94,D
sh603301,振德医疗,2025-10-21 11:24:38,70.67,3300,70.69,E
sh603301,振德医疗,2025-10-21 11:24:53,70.7,9200,70.67,U
sh603301,振德医疗,2025-10-21 11:26:20,70.85,4100,70.78,U
sh603301,振德医疗,2025-10-21 11:26:23,70.85,3200,70.85,U
sh603301,振德医疗,2025-10-21 11:26:32,70.84,4500,70.86,D
sh603301,振德医疗,2025-10-21 11:26:35,70.85,3300,70.84,U
sh603301,振德医疗,2025-10-21 11:26:38,70.87,4000,70.85,U
sh603301,振德医疗,2025-10-21 11:27:41,70.85,21100,70.89,D
sh603301,振德医疗,2025-10-21 11:27:45,70.86,52000,70.85,U
sh603301,振德医疗,2025-10-21 11:27:48,70.89,21400,70.86,U
sh603301,振德医疗,2025-10-21 11:28:05,71.05,8100,71.0,U
sh603301,振德医疗,2025-10-21 11:28:14,71.06,4900,71.05,U
sh603301,振德医疗,2025-10-21 11:28:36,71.15,11600,71.14,U
sh603301,振德医疗,2025-10-21 11:28:38,71.16,8000,71.15,U
sh603301,振德医疗,2025-10-21 11:28:54,71.1,3600,71.16,D
sh603301,振德医疗,2025-10-21 11:28:57,71.07,20000,71.1,D
sh603301,振德医疗,2025-10-21 11:29:08,71.1,12000,71.06,U
sh603301,振德医疗,2025-10-21 11:29:23,71.05,3000,71.06,D
sh603301,振德医疗,2025-10-21 11:29:26,71.08,8500,71.05,U
sh603301,振德医疗,2025-10-21 11:29:51,71.14,3400,71.08,U
sh603301,振德医疗,2025-10-21 11:29:53,71.14,4700,71.14,U
sh603301,振德医疗,2025-10-21 11:29:59,71.07,5100,71.14,U
sh603301,振德医疗,2025-10-21 13:00:05,71.05,9300,71.06,E
sh603301,振德医疗,2025-10-21 13:00:08,71.02,7500,71.05,D
sh603301,振德医疗,2025-10-21 13:00:12,71.0,5000,71.02,D
sh603301,振德医疗,2025-10-21 13:00:14,70.85,4700,71.0,D
sh603301,振德医疗,2025-10-21 13:00:24,70.79,3500,70.81,D
sh603301,振德医疗,2025-10-21 13:01:14,70.55,3900,70.55,D
sh603301,振德医疗,2025-10-21 13:01:29,70.45,4900,70.46,D
sh603301,振德医疗,2025-10-21 13:01:48,70.4,2900,70.4,U
sh603301,振德医疗,2025-10-21 13:02:47,70.39,3500,70.4,D
sh603301,振德医疗,2025-10-21 13:03:26,70.35,4600,70.35,D
sh603301,振德医疗,2025-10-21 13:03:35,70.31,5500,70.33,D
sh603301,振德医疗,2025-10-21 13:03:38,70.31,6600,70.31,D
sh603301,振德医疗,2025-10-21 13:03:41,70.31,8800,70.31,D
sh603301,振德医疗,2025-10-21 13:03:44,70.3,5400,70.31,D
sh603301,振德医疗,2025-10-21 13:03:57,70.29,6700,70.29,D
sh603301,振德医疗,2025-10-21 13:04:06,70.29,5700,70.29,D
sh603301,振德医疗,2025-10-21 13:04:08,70.29,4000,70.29,D
sh603301,振德医疗,2025-10-21 13:04:17,70.34,4600,70.29,U
sh603301,振德医疗,2025-10-21 13:05:36,70.33,4200,70.33,D
sh603301,振德医疗,2025-10-21 13:05:47,70.3,3000,70.33,D
sh603301,振德医疗,2025-10-21 13:06:54,70.29,7200,70.32,D
sh603301,振德医疗,2025-10-21 13:08:03,70.23,19900,70.23,U
sh603301,振德医疗,2025-10-21 13:08:12,70.22,4800,70.22,D
sh603301,振德医疗,2025-10-21 13:08:21,70.2,2900,70.21,D
sh603301,振德医疗,2025-10-21 13:08:23,70.12,9800,70.2,D
sh603301,振德医疗,2025-10-21 13:08:26,70.07,15800,70.12,D
sh603301,振德医疗,2025-10-21 13:08:29,69.97,68600,70.07,D
sh603301,振德医疗,2025-10-21 13:08:39,69.8,3500,69.88,D
sh603301,振德医疗,2025-10-21 13:08:47,69.77,4500,69.7,E
sh603301,振德医疗,2025-10-21 13:08:51,69.63,12000,69.77,E
sh603301,振德医疗,2025-10-21 13:08:53,69.69,4300,69.63,U
sh603301,振德医疗,2025-10-21 13:08:59,69.68,8200,69.69,D
sh603301,振德医疗,2025-10-21 13:09:05,69.7,3600,69.67,E
sh603301,振德医疗,2025-10-21 13:09:08,69.88,3300,69.7,E
sh603301,振德医疗,2025-10-21 13:09:11,69.89,3300,69.88,E
sh603301,振德医疗,2025-10-21 13:09:23,69.88,8000,69.78,D
sh603301,振德医疗,2025-10-21 13:09:35,69.88,4100,69.88,U
sh603301,振德医疗,2025-10-21 13:09:39,69.88,8000,69.88,D
sh603301,振德医疗,2025-10-21 13:09:45,69.88,3500,69.88,U
sh603301,振德医疗,2025-10-21 13:09:47,69.73,9900,69.88,D
sh603301,振德医疗,2025-10-21 13:09:56,69.73,16200,69.75,D
sh603301,振德医疗,2025-10-21 13:10:02,69.69,11400,69.73,D
sh603301,振德医疗,2025-10-21 13:10:17,69.5,7300,69.6,E
sh603301,振德医疗,2025-10-21 13:10:21,69.39,3800,69.5,D
sh603301,振德医疗,2025-10-21 13:10:23,69.41,5800,69.39,U
sh603301,振德医疗,2025-10-21 13:10:27,69.43,6000,69.41,E
sh603301,振德医疗,2025-10-21 13:10:30,69.41,5400,69.43,D
sh603301,振德医疗,2025-10-21 13:10:32,69.41,5100,69.41,U
sh603301,振德医疗,2025-10-21 13:10:44,69.38,16200,69.34,U
sh603301,振德医疗,2025-10-21 13:10:47,69.5,4900,69.38,U
sh603301,振德医疗,2025-10-21 13:10:50,69.4,4200,69.5,D
sh603301,振德医疗,2025-10-21 13:10:53,69.4,20000,69.4,D
sh603301,振德医疗,2025-10-21 13:10:59,69.57,12700,69.52,U
sh603301,振德医疗,2025-10-21 13:11:26,69.53,8500,69.41,U
sh603301,振德医疗,2025-10-21 13:11:33,69.69,3300,69.62,U
sh603301,振德医疗,2025-10-21 13:11:35,69.64,2900,69.69,D
sh603301,振德医疗,2025-10-21 13:11:38,69.73,3800,69.64,D
sh603301,振德医疗,2025-10-21 13:11:57,69.87,3700,69.87,D
sh603301,振德医疗,2025-10-21 13:11:59,69.87,3800,69.87,D
sh603301,振德医疗,2025-10-21 13:12:09,69.85,3800,69.89,D
sh603301,振德医疗,2025-10-21 13:12:17,69.86,3500,69.79,U
sh603301,振德医疗,2025-10-21 13:12:20,69.89,4400,69.86,U
sh603301,振德医疗,2025-10-21 13:12:29,70.2,12100,69.97,U
sh603301,振德医疗,2025-10-21 13:12:38,70.06,3500,70.06,D
sh603301,振德医疗,2025-10-21 13:12:45,70.02,5700,69.99,U
sh603301,振德医疗,2025-10-21 13:13:02,69.87,3300,69.87,D
sh603301,振德医疗,2025-10-21 13:14:15,69.8,6100,69.73,U
sh603301,振德医疗,2025-10-21 13:14:18,69.88,7200,69.8,U
sh603301,振德医疗,2025-10-21 13:14:29,70.0,3400,70.0,U
sh603301,振德医疗,2025-10-21 13:14:33,69.88,4600,70.0,D
sh603301,振德医疗,2025-10-21 13:15:11,70.0,5600,69.91,U
sh603301,振德医疗,2025-10-21 13:15:14,70.1,4100,70.0,U
sh603301,振德医疗,2025-10-21 13:15:18,70.08,2900,70.1,D
sh603301,振德医疗,2025-10-21 13:15:26,70.17,4900,70.15,D
sh603301,振德医疗,2025-10-21 13:15:29,70.1,3600,70.17,D
sh603301,振德医疗,2025-10-21 13:17:17,70.19,3000,70.19,U
sh603301,振德医疗,2025-10-21 13:18:24,70.05,7400,70.06,D
sh603301,振德医疗,2025-10-21 13:18:32,69.99,4400,70.04,D
sh603301,振德医疗,2025-10-21 13:19:05,69.9,3100,69.93,D
sh603301,振德医疗,2025-10-21 13:19:11,70.07,3700,69.9,U
sh603301,振德医疗,2025-10-21 13:21:08,70.1,3000,70.04,U
sh603301,振德医疗,2025-10-21 13:21:11,70.12,4300,70.1,U
sh603301,振德医疗,2025-10-21 13:22:00,70.18,3100,70.19,D
sh603301,振德医疗,2025-10-21 13:22:14,70.22,5600,70.14,U
sh603301,振德医疗,2025-10-21 13:22:18,70.25,3800,70.22,U
sh603301,振德医疗,2025-10-21 13:22:29,70.22,2900,70.27,D
sh603301,振德医疗,2025-10-21 13:22:51,70.23,3000,70.21,U
sh603301,振德医疗,2025-10-21 13:22:56,70.27,3600,70.25,U
sh603301,振德医疗,2025-10-21 13:23:36,70.32,3200,70.33,D
sh603301,振德医疗,2025-10-21 13:23:41,70.28,3000,70.31,D
sh603301,振德医疗,2025-10-21 13:25:53,70.41,4000,70.4,D
sh603301,振德医疗,2025-10-21 13:25:56,70.41,30800,70.41,U
sh603301,振德医疗,2025-10-21 13:25:59,70.41,13000,70.41,U
sh603301,振德医疗,2025-10-21 13:26:08,70.45,23429,70.41,U
sh603301,振德医疗,2025-10-21 13:26:17,70.55,3000,70.48,U
sh603301,振德医疗,2025-10-21 13:26:30,70.44,5000,70.6,D
sh603301,振德医疗,2025-10-21 13:27:21,70.62,3400,70.65,D
sh603301,振德医疗,2025-10-21 13:29:00,70.79,3200,70.8,E
sh603301,振德医疗,2025-10-21 13:29:03,70.77,3300,70.79,D
sh603301,振德医疗,2025-10-21 13:29:30,70.74,8900,70.75,D
sh603301,振德医疗,2025-10-21 13:29:42,70.72,3500,70.76,D
sh603301,振德医疗,2025-10-21 13:30:21,70.6,4100,70.6,D
sh603301,振德医疗,2025-10-21 13:30:32,70.5,5600,70.52,D
sh603301,振德医疗,2025-10-21 13:30:39,70.7,8500,70.52,U
sh603301,振德医疗,2025-10-21 13:30:45,70.5,4800,70.61,D
sh603301,振德医疗,2025-10-21 13:31:00,70.64,3900,70.64,U
sh603301,振德医疗,2025-10-21 13:32:05,70.8,7200,70.66,U
sh603301,振德医疗,2025-10-21 13:32:11,70.92,8200,70.72,U
sh603301,振德医疗,2025-10-21 13:32:24,70.99,5600,70.99,U
sh603301,振德医疗,2025-10-21 13:32:30,70.98,17000,70.99,D
sh603301,振德医疗,2025-10-21 13:34:21,70.92,3500,70.93,D
sh603301,振德医疗,2025-10-21 13:35:00,70.96,3300,70.95,U
sh603301,振德医疗,2025-10-21 13:35:03,71.07,28600,70.96,U
sh603301,振德医疗,2025-10-21 13:35:11,71.18,17200,71.17,U
sh603301,振德医疗,2025-10-21 13:35:24,71.18,6200,71.14,U
sh603301,振德医疗,2025-10-21 13:35:29,71.19,10600,71.18,U
sh603301,振德医疗,2025-10-21 13:35:35,71.25,5900,71.22,U
sh603301,振德医疗,2025-10-21 13:35:38,71.25,4600,71.25,U
sh603301,振德医疗,2025-10-21 13:35:41,71.33,19000,71.25,U
sh603301,振德医疗,2025-10-21 13:36:02,71.23,6200,71.3,D
sh603301,振德医疗,2025-10-21 13:36:06,71.28,8400,71.23,U
sh603301,振德医疗,2025-10-21 13:36:17,71.28,12500,71.21,U
sh603301,振德医疗,2025-10-21 13:36:24,71.16,11900,71.28,D
sh603301,振德医疗,2025-10-21 13:36:57,71.04,14600,71.05,E
sh603301,振德医疗,2025-10-21 13:36:59,71.05,4700,71.04,U
sh603301,振德医疗,2025-10-21 13:37:42,71.04,8400,71.08,D
sh603301,振德医疗,2025-10-21 13:37:47,71.05,3400,71.04,U
sh603301,振德医疗,2025-10-21 13:37:50,71.05,10900,71.05,D
sh603301,振德医疗,2025-10-21 13:38:23,70.95,3700,71.0,D
sh603301,振德医疗,2025-10-21 13:38:26,70.95,10900,70.95,D
sh603301,振德医疗,2025-10-21 13:39:39,70.99,15800,70.9,U
sh603301,振德医疗,2025-10-21 13:41:59,70.89,3000,70.89,D
sh603301,振德医疗,2025-10-21 13:42:11,70.85,6800,70.88,D
sh603301,振德医疗,2025-10-21 13:42:47,70.88,7100,70.79,U
sh603301,振德医疗,2025-10-21 13:44:14,70.89,4100,70.9,U
sh603301,振德医疗,2025-10-21 13:44:44,70.82,3600,70.83,D
sh603301,振德医疗,2025-10-21 13:45:27,70.83,7400,70.83,U
sh603301,振德医疗,2025-10-21 13:45:29,70.87,16100,70.83,U
sh603301,振德医疗,2025-10-21 13:47:14,71.0,3900,70.97,U
sh603301,振德医疗,2025-10-21 13:47:18,71.01,4100,71.0,U
sh603301,振德医疗,2025-10-21 13:47:20,71.03,5400,71.01,U
sh603301,振德医疗,2025-10-21 13:47:56,71.02,5400,71.08,D
sh603301,振德医疗,2025-10-21 13:48:00,71.0,3500,71.02,D
sh603301,振德医疗,2025-10-21 13:48:47,70.92,25400,70.99,D
sh603301,振德医疗,2025-10-21 13:49:18,70.91,3500,70.9,U
sh603301,振德医疗,2025-10-21 13:50:02,70.92,4600,70.95,D
sh603301,振德医疗,2025-10-21 13:50:12,70.98,3300,70.98,D
sh603301,振德医疗,2025-10-21 13:50:47,70.92,3400,70.91,E
sh603301,振德医疗,2025-10-21 13:50:59,70.92,3600,70.99,D
sh603301,振德医疗,2025-10-21 13:51:21,70.99,3800,70.97,U
sh603301,振德医疗,2025-10-21 13:51:54,70.95,5000,71.0,D
sh603301,振德医疗,2025-10-21 13:51:59,70.94,3100,70.95,D
sh603301,振德医疗,2025-10-21 13:52:39,70.99,3000,70.98,U
sh603301,振德医疗,2025-10-21 13:53:23,71.0,5400,70.99,U
sh603301,振德医疗,2025-10-21 13:55:05,70.9,3000,70.9,U
sh603301,振德医疗,2025-10-21 13:56:14,70.88,9125,70.91,D
sh603301,振德医疗,2025-10-21 13:56:17,70.86,3300,70.88,D
sh603301,振德医疗,2025-10-21 13:58:15,70.87,5800,70.9,D
sh603301,振德医疗,2025-10-21 13:59:08,70.82,3500,70.87,D
sh603301,振德医疗,2025-10-21 14:00:05,70.81,3100,70.83,D
sh603301,振德医疗,2025-10-21 14:00:23,70.95,4400,70.95,U
sh603301,振德医疗,2025-10-21 14:00:42,70.96,4500,70.92,U
sh603301,振德医疗,2025-10-21 14:01:03,70.95,3100,70.95,D
sh603301,振德医疗,2025-10-21 14:01:45,70.94,6500,70.95,D
sh603301,振德医疗,2025-10-21 14:02:38,70.96,4500,70.98,D
sh603301,振德医疗,2025-10-21 14:02:48,70.95,3400,70.97,D
sh603301,振德医疗,2025-10-21 14:03:08,71.0,14500,70.97,U
sh603301,振德医疗,2025-10-21 14:03:11,71.04,14200,71.0,U
sh603301,振德医疗,2025-10-21 14:03:35,71.02,3800,71.02,D
sh603301,振德医疗,2025-10-21 14:03:50,71.0,3400,71.01,D
sh603301,振德医疗,2025-10-21 14:05:02,70.83,6400,70.92,D
sh603301,振德医疗,2025-10-21 14:05:51,70.95,3700,70.95,U
sh603301,振德医疗,2025-10-21 14:06:00,71.0,2900,71.0,U
sh603301,振德医疗,2025-10-21 14:06:05,71.01,4600,71.0,U
sh603301,振德医疗,2025-10-21 14:06:08,71.0,3100,71.01,D
sh603301,振德医疗,2025-10-21 14:08:05,70.93,4700,70.94,D
sh603301,振德医疗,2025-10-21 14:08:12,70.9,3800,70.93,D
sh603301,振德医疗,2025-10-21 14:08:59,70.95,5800,70.89,U
sh603301,振德医疗,2025-10-21 14:09:02,70.98,3900,70.95,U
sh603301,振德医疗,2025-10-21 14:09:14,71.01,19200,71.0,U
sh603301,振德医疗,2025-10-21 14:09:33,71.03,9600,71.04,D
sh603301,振德医疗,2025-10-21 14:10:32,71.0,5200,71.0,D
sh603301,振德医疗,2025-10-21 14:12:21,71.0,3500,70.99,U
sh603301,振德医疗,2025-10-21 14:12:29,71.01,3500,71.0,U
sh603301,振德医疗,2025-10-21 14:12:47,70.98,5700,71.01,D
sh603301,振德医疗,2025-10-21 14:13:39,70.89,9300,70.89,U
sh603301,振德医疗,2025-10-21 14:13:42,70.89,6600,70.89,U
sh603301,振德医疗,2025-10-21 14:14:29,71.03,13700,71.01,U
sh603301,振德医疗,2025-10-21 14:14:32,71.02,3300,71.03,D
sh603301,振德医疗,2025-10-21 14:15:30,70.9,5600,70.95,D
sh603301,振德医疗,2025-10-21 14:15:45,70.9,4100,70.9,D
sh603301,振德医疗,2025-10-21 14:17:02,70.87,3600,70.85,E
sh603301,振德医疗,2025-10-21 14:17:23,70.93,4600,70.9,U
sh603301,振德医疗,2025-10-21 14:18:00,70.95,4700,70.97,D
sh603301,振德医疗,2025-10-21 14:18:26,70.92,6700,70.92,D
sh603301,振德医疗,2025-10-21 14:18:35,70.91,3200,70.92,D
sh603301,振德医疗,2025-10-21 14:19:00,70.87,3400,70.87,U
sh603301,振德医疗,2025-10-21 14:19:03,70.87,6100,70.87,E
sh603301,振德医疗,2025-10-21 14:19:48,70.98,6400,70.97,U
sh603301,振德医疗,2025-10-21 14:19:51,70.96,6900,70.98,D
sh603301,振德医疗,2025-10-21 14:19:59,71.01,25900,70.98,U
sh603301,振德医疗,2025-10-21 14:20:02,71.01,4500,71.01,U
sh603301,振德医疗,2025-10-21 14:20:17,70.98,4000,71.0,D
sh603301,振德医疗,2025-10-21 14:20:27,70.95,4700,70.94,U
sh603301,振德医疗,2025-10-21 14:20:56,70.89,5000,70.88,U
sh603301,振德医疗,2025-10-21 14:21:02,70.84,6600,70.89,D
sh603301,振德医疗,2025-10-21 14:21:08,70.85,3000,70.83,U
sh603301,振德医疗,2025-10-21 14:21:14,70.81,4100,70.8,E
sh603301,振德医疗,2025-10-21 14:21:24,70.86,3900,70.81,E
sh603301,振德医疗,2025-10-21 14:21:47,70.9,5100,70.88,U
sh603301,振德医疗,2025-10-21 14:22:44,70.84,3000,70.8,U
sh603301,振德医疗,2025-10-21 14:23:02,70.82,5400,70.85,D
sh603301,振德医疗,2025-10-21 14:23:15,70.77,3300,70.83,D
sh603301,振德医疗,2025-10-21 14:23:56,70.8,3000,70.8,U
sh603301,振德医疗,2025-10-21 14:24:26,70.8,14300,70.72,U
sh603301,振德医疗,2025-10-21 14:25:17,70.87,7700,70.83,E
sh603301,振德医疗,2025-10-21 14:25:23,70.9,6900,70.89,U
sh603301,振德医疗,2025-10-21 14:27:02,70.95,3800,70.95,D
sh603301,振德医疗,2025-10-21 14:27:05,70.95,8300,70.95,D
sh603301,振德医疗,2025-10-21 14:27:20,70.92,3100,70.94,D
sh603301,振德医疗,2025-10-21 14:28:14,70.9,3200,70.9,U
sh603301,振德医疗,2025-10-21 14:28:20,70.95,8800,70.92,U
sh603301,振德医疗,2025-10-21 14:28:26,70.96,3000,70.95,U
sh603301,振德医疗,2025-10-21 14:28:47,70.91,5900,70.96,D
sh603301,振德医疗,2025-10-21 14:28:50,70.89,6800,70.91,D
sh603301,振德医疗,2025-10-21 14:29:08,70.88,6100,70.91,D
sh603301,振德医疗,2025-10-21 14:29:32,70.94,3000,70.95,E
sh603301,振德医疗,2025-10-21 14:29:56,70.95,8200,70.98,D
sh603301,振德医疗,2025-10-21 14:31:57,70.92,3500,70.91,U
sh603301,振德医疗,2025-10-21 14:32:00,70.95,8200,70.92,U
sh603301,振德医疗,2025-10-21 14:32:06,70.95,7000,70.94,U
sh603301,振德医疗,2025-10-21 14:32:44,70.93,3600,70.92,U
sh603301,振德医疗,2025-10-21 14:33:23,70.9,11800,70.92,D
sh603301,振德医疗,2025-10-21 14:33:30,70.88,3200,70.89,E
sh603301,振德医疗,2025-10-21 14:33:53,70.81,3500,70.81,E
sh603301,振德医疗,2025-10-21 14:34:06,70.85,4100,70.79,U
sh603301,振德医疗,2025-10-21 14:34:12,70.92,5000,70.8,U
sh603301,振德医疗,2025-10-21 14:34:18,70.98,15200,70.93,U
sh603301,振德医疗,2025-10-21 14:34:20,71.0,13800,70.98,U
sh603301,振德医疗,2025-10-21 14:34:30,70.99,2900,70.99,D
sh603301,振德医疗,2025-10-21 14:34:33,70.99,7800,70.99,D
sh603301,振德医疗,2025-10-21 14:36:38,70.99,7900,70.99,U
sh603301,振德医疗,2025-10-21 14:36:41,70.99,7800,70.99,U
sh603301,振德医疗,2025-10-21 14:37:02,70.97,5000,70.99,D
sh603301,振德医疗,2025-10-21 14:37:08,70.94,10310,70.97,D
sh603301,振德医疗,2025-10-21 14:37:12,70.92,7600,70.94,D
sh603301,振德医疗,2025-10-21 14:37:14,70.92,5700,70.92,D
sh603301,振德医疗,2025-10-21 14:37:23,70.89,3100,70.9,D
sh603301,振德医疗,2025-10-21 14:37:56,70.87,5800,70.89,D
sh603301,振德医疗,2025-10-21 14:38:00,70.85,5900,70.87,D
sh603301,振德医疗,2025-10-21 14:38:06,70.89,7400,70.86,U
sh603301,振德医疗,2025-10-21 14:38:29,70.93,2900,70.9,U
sh603301,振德医疗,2025-10-21 14:38:41,70.86,3000,70.9,D
sh603301,振德医疗,2025-10-21 14:38:56,70.84,2900,70.86,D
sh603301,振德医疗,2025-10-21 14:39:08,70.86,3400,70.84,U
sh603301,振德医疗,2025-10-21 14:40:08,70.9,4000,70.89,U
sh603301,振德医疗,2025-10-21 14:40:30,70.9,5500,70.9,U
sh603301,振德医疗,2025-10-21 14:41:05,70.88,2900,70.89,D
sh603301,振德医疗,2025-10-21 14:41:08,70.88,11500,70.88,D
sh603301,振德医疗,2025-10-21 14:41:11,70.88,2900,70.88,U
sh603301,振德医疗,2025-10-21 14:41:32,70.92,11800,70.88,U
sh603301,振德医疗,2025-10-21 14:41:35,70.94,4200,70.92,U
sh603301,振德医疗,2025-10-21 14:41:48,70.99,9800,70.98,U
sh603301,振德医疗,2025-10-21 14:41:50,71.0,4800,70.99,U
sh603301,振德医疗,2025-10-21 14:41:54,71.0,12000,71.0,U
sh603301,振德医疗,2025-10-21 14:41:56,71.0,12400,71.0,U
sh603301,振德医疗,2025-10-21 14:41:59,71.01,3800,71.0,U
sh603301,振德医疗,2025-10-21 14:42:11,70.94,3200,71.0,D
sh603301,振德医疗,2025-10-21 14:42:41,70.95,3900,70.94,U
sh603301,振德医疗,2025-10-21 14:43:03,70.92,12100,70.93,D
sh603301,振德医疗,2025-10-21 14:44:09,70.93,6500,70.89,U
sh603301,振德医疗,2025-10-21 14:44:59,70.96,3300,70.96,D
sh603301,振德医疗,2025-10-21 14:45:06,70.93,4500,70.95,D
sh603301,振德医疗,2025-10-21 14:45:08,70.93,6700,70.93,U
sh603301,振德医疗,2025-10-21 14:45:15,70.9,6200,70.94,E
sh603301,振德医疗,2025-10-21 14:45:18,70.89,4300,70.9,E
sh603301,振德医疗,2025-10-21 14:45:35,70.81,11200,70.82,D
sh603301,振德医疗,2025-10-21 14:45:38,70.83,4800,70.81,U
sh603301,振德医疗,2025-10-21 14:45:41,70.85,9000,70.83,E
sh603301,振德医疗,2025-10-21 14:45:45,70.83,3500,70.85,D
sh603301,振德医疗,2025-10-21 14:46:17,70.89,4300,70.89,U
sh603301,振德医疗,2025-10-21 14:46:30,70.9,12600,70.89,U
sh603301,振德医疗,2025-10-21 14:46:41,70.94,3700,70.91,U
sh603301,振德医疗,2025-10-21 14:46:44,70.95,3900,70.94,U
sh603301,振德医疗,2025-10-21 14:46:47,70.94,4000,70.95,D
sh603301,振德医疗,2025-10-21 14:47:00,70.91,3100,70.93,D
sh603301,振德医疗,2025-10-21 14:47:02,70.91,4000,70.91,U
sh603301,振德医疗,2025-10-21 14:47:05,70.91,11700,70.91,U
sh603301,振德医疗,2025-10-21 14:47:08,70.91,3900,70.91,U
sh603301,振德医疗,2025-10-21 14:47:11,70.91,8200,70.91,E
sh603301,振德医疗,2025-10-21 14:47:21,70.94,4400,70.94,U
sh603301,振德医疗,2025-10-21 14:47:39,70.93,11200,70.93,U
sh603301,振德医疗,2025-10-21 14:47:41,70.95,22300,70.93,U
sh603301,振德医疗,2025-10-21 14:47:44,70.95,9100,70.95,U
sh603301,振德医疗,2025-10-21 14:48:12,70.85,9500,70.91,D
sh603301,振德医疗,2025-10-21 14:48:14,70.84,10900,70.85,E
sh603301,振德医疗,2025-10-21 14:48:38,70.87,3700,70.91,D
sh603301,振德医疗,2025-10-21 14:49:00,70.88,3300,70.89,D
sh603301,振德医疗,2025-10-21 14:49:27,70.81,28600,70.86,D
sh603301,振德医疗,2025-10-21 14:49:33,70.8,3100,70.81,D
sh603301,振德医疗,2025-10-21 14:49:35,70.79,3600,70.8,D
sh603301,振德医疗,2025-10-21 14:49:38,70.73,5200,70.79,D
sh603301,振德医疗,2025-10-21 14:49:48,70.83,3300,70.79,U
sh603301,振德医疗,2025-10-21 14:49:54,70.76,3900,70.81,D
sh603301,振德医疗,2025-10-21 14:50:05,70.76,7400,70.81,D
sh603301,振德医疗,2025-10-21 14:50:12,70.78,3200,70.78,E
sh603301,振德医疗,2025-10-21 14:50:14,70.79,3800,70.78,U
sh603301,振德医疗,2025-10-21 14:50:18,70.78,4400,70.79,E
sh603301,振德医疗,2025-10-21 14:50:35,70.94,49589,70.78,U
sh603301,振德医疗,2025-10-21 14:50:38,70.99,11700,70.94,U
sh603301,振德医疗,2025-10-21 14:50:41,70.99,3400,70.99,U
sh603301,振德医疗,2025-10-21 14:50:45,70.98,5900,70.99,D
sh603301,振德医疗,2025-10-21 14:50:59,70.95,3900,70.95,U
sh603301,振德医疗,2025-10-21 14:51:02,70.94,5900,70.95,D
sh603301,振德医疗,2025-10-21 14:51:05,70.91,7600,70.94,D
sh603301,振德医疗,2025-10-21 14:51:11,70.92,11800,70.91,U
sh603301,振德医疗,2025-10-21 14:51:29,70.88,7100,70.89,D
sh603301,振德医疗,2025-10-21 14:51:41,70.89,5900,70.89,E
sh603301,振德医疗,2025-10-21 14:51:44,70.9,3700,70.89,U
sh603301,振德医疗,2025-10-21 14:51:47,70.9,3200,70.9,E
sh603301,振德医疗,2025-10-21 14:52:06,70.97,10800,70.92,U
sh603301,振德医疗,2025-10-21 14:52:11,70.93,13600,70.97,D
sh603301,振德医疗,2025-10-21 14:52:21,70.97,3400,70.95,U
sh603301,振德医疗,2025-10-21 14:52:24,70.97,13000,70.97,U
sh603301,振德医疗,2025-10-21 14:52:26,70.96,9500,70.97,E
sh603301,振德医疗,2025-10-21 14:52:29,70.94,3700,70.96,D
sh603301,振德医疗,2025-10-21 14:52:45,70.93,6900,70.95,D
sh603301,振德医疗,2025-10-21 14:52:59,70.95,8500,70.93,U
sh603301,振德医疗,2025-10-21 14:53:08,70.96,12500,70.93,U
sh603301,振德医疗,2025-10-21 14:53:11,70.96,3000,70.96,D
sh603301,振德医疗,2025-10-21 14:53:15,70.97,2900,70.96,U
sh603301,振德医疗,2025-10-21 14:53:20,70.95,5600,70.95,D
sh603301,振德医疗,2025-10-21 14:53:26,70.95,9200,70.96,D
sh603301,振德医疗,2025-10-21 14:53:36,70.94,3400,70.94,U
sh603301,振德医疗,2025-10-21 14:53:38,70.95,6500,70.94,U
sh603301,振德医疗,2025-10-21 14:53:47,70.95,18100,70.96,D
sh603301,振德医疗,2025-10-21 14:53:59,70.97,20100,70.95,U
sh603301,振德医疗,2025-10-21 14:54:08,70.96,7200,70.96,D
sh603301,振德医疗,2025-10-21 14:54:14,70.95,4400,70.95,D
sh603301,振德医疗,2025-10-21 14:54:17,70.95,5800,70.95,D
sh603301,振德医疗,2025-10-21 14:54:20,70.96,11000,70.95,E
sh603301,振德医疗,2025-10-21 14:54:24,70.98,3100,70.96,U
sh603301,振德医疗,2025-10-21 14:54:26,70.98,11000,70.98,D
sh603301,振德医疗,2025-10-21 14:54:32,70.98,2900,70.99,D
sh603301,振德医疗,2025-10-21 14:54:41,70.99,4000,70.99,U
sh603301,振德医疗,2025-10-21 14:54:44,71.0,25000,70.99,U
sh603301,振德医疗,2025-10-21 14:54:47,71.0,10500,71.0,U
sh603301,振德医疗,2025-10-21 14:54:50,71.0,4300,71.0,U
sh603301,振德医疗,2025-10-21 14:54:53,71.0,2900,71.0,U
sh603301,振德医疗,2025-10-21 14:54:56,70.99,6700,71.0,D
sh603301,振德医疗,2025-10-21 14:54:59,71.0,21500,70.99,U
sh603301,振德医疗,2025-10-21 14:55:05,71.03,7100,71.01,U
sh603301,振德医疗,2025-10-21 14:55:08,71.02,4100,71.03,D
sh603301,振德医疗,2025-10-21 14:55:12,71.04,5100,71.02,U
sh603301,振德医疗,2025-10-21 14:55:14,71.04,2900,71.04,U
sh603301,振德医疗,2025-10-21 14:55:18,71.05,6100,71.04,U
sh603301,振德医疗,2025-10-21 14:55:21,71.04,4500,71.05,D
sh603301,振德医疗,2025-10-21 14:55:24,71.05,6400,71.04,U
sh603301,振德医疗,2025-10-21 14:55:26,71.05,7200,71.05,U
sh603301,振德医疗,2025-10-21 14:55:29,71.04,4300,71.05,U
sh603301,振德医疗,2025-10-21 14:55:33,71.05,4800,71.04,U
sh603301,振德医疗,2025-10-21 14:55:35,71.05,5800,71.05,U
sh603301,振德医疗,2025-10-21 14:55:41,71.05,11700,71.05,U
sh603301,振德医疗,2025-10-21 14:55:47,71.07,4700,71.06,U
sh603301,振德医疗,2025-10-21 14:55:56,71.07,3800,71.07,U
sh603301,振德医疗,2025-10-21 14:55:59,71.07,6700,71.07,U
sh603301,振德医疗,2025-10-21 14:56:02,71.08,17400,71.07,U
sh603301,振德医疗,2025-10-21 14:56:05,71.11,17800,71.08,U
sh603301,振德医疗,2025-10-21 14:56:14,71.15,11700,71.12,U
sh603301,振德医疗,2025-10-21 14:56:21,71.13,18100,71.14,D
sh603301,振德医疗,2025-10-21 14:56:24,71.17,7700,71.13,U
sh603301,振德医疗,2025-10-21 14:56:27,71.13,19800,71.17,D
sh603301,振德医疗,2025-10-21 14:56:30,71.11,12400,71.13,D
sh603301,振德医疗,2025-10-21 14:56:32,70.87,130700,71.11,D
sh603301,振德医疗,2025-10-21 14:56:35,71.06,8900,70.87,U
sh603301,振德医疗,2025-10-21 14:56:38,70.89,4700,71.06,D
sh603301,振德医疗,2025-10-21 14:56:41,70.87,4400,70.89,D
sh603301,振德医疗,2025-10-21 14:56:44,70.89,11100,70.87,U
sh603301,振德医疗,2025-10-21 14:56:47,70.99,8500,70.89,U
sh603301,振德医疗,2025-10-21 14:56:51,70.9,5700,70.99,E
sh603301,振德医疗,2025-10-21 14:56:53,70.9,5400,70.9,D
sh603301,振德医疗,2025-10-21 14:56:56,70.9,16300,70.9,U
sh603301,振德医疗,2025-10-21 14:56:59,70.9,6000,70.9,D
sh603301,振德医疗,2025-10-21 15:00:03,70.91,257800,70.91,U
