symbol,name,ticktime,price,volume,prev_price,kind
sh603301,振德医疗,2025-10-20 09:25:01,69.09,121300,0.0,U
sh603301,振德医疗,2025-10-20 09:30:01,69.64,14456,69.09,U
sh603301,振德医疗,2025-10-20 09:30:04,69.43,32800,69.64,D
sh603301,振德医疗,2025-10-20 09:30:07,69.34,14100,69.43,D
sh603301,振德医疗,2025-10-20 09:30:10,70.0,18800,69.34,U
sh603301,振德医疗,2025-10-20 09:30:13,69.9,29600,70.0,D
sh603301,振德医疗,2025-10-20 09:30:16,69.92,9600,69.9,E
sh603301,振德医疗,2025-10-20 09:30:19,70.19,18300,69.92,U
sh603301,振德医疗,2025-10-20 09:30:22,70.21,12700,70.19,D
sh603301,振德医疗,2025-10-20 09:30:25,70.51,25400,70.21,E
sh603301,振德医疗,2025-10-20 09:30:28,70.6,58800,70.51,D
sh603301,振德医疗,2025-10-20 09:30:31,70.69,51200,70.6,E
sh603301,振德医疗,2025-10-20 09:30:34,70.86,29600,70.69,E
sh603301,振德医疗,2025-10-20 09:30:37,70.6,15700,70.86,D
sh603301,振德医疗,2025-10-20 09:30:40,70.88,45000,70.6,U
sh603301,振德医疗,2025-10-20 09:30:43,70.73,61600,70.88,D
sh603301,振德医疗,2025-10-20 09:30:46,70.69,32300,70.73,E
sh603301,振德医疗,2025-10-20 09:30:49,70.6,55700,70.69,D
sh603301,振德医疗,2025-10-20 09:30:52,70.6,31600,70.6,D
sh603301,振德医疗,2025-10-20 09:30:55,70.6,40200,70.6,D
sh603301,振德医疗,2025-10-20 09:30:58,70.6,20000,70.6,D
sh603301,振德医疗,2025-10-20 09:31:01,70.34,20900,70.6,D
sh603301,振德医疗,2025-10-20 09:31:04,70.5,21700,70.34,U
sh603301,振德医疗,2025-10-20 09:31:07,70.22,38900,70.5,D
sh603301,振德医疗,2025-10-20 09:31:10,69.97,15100,70.22,D
sh603301,振德医疗,2025-10-20 09:31:13,69.2,15500,69.97,D
sh603301,振德医疗,2025-10-20 09:31:16,69.92,16200,69.2,U
sh603301,振德医疗,2025-10-20 09:31:19,69.97,23200,69.92,U
sh603301,振德医疗,2025-10-20 09:31:22,69.87,31700,69.97,D
sh603301,振德医疗,2025-10-20 09:31:25,69.95,14800,69.87,E
sh603301,振德医疗,2025-10-20 09:31:28,69.99,12520,69.95,U
sh603301,振德医疗,2025-10-20 09:31:31,70.5,18800,69.99,U
sh603301,振德医疗,2025-10-20 09:31:34,70.6,13800,70.5,U
sh603301,振德医疗,2025-10-20 09:31:37,70.6,9100,70.6,U
sh603301,振德医疗,2025-10-20 09:31:40,70.6,22900,70.6,D
sh603301,振德医疗,2025-10-20 09:31:43,70.6,23100,70.6,D
sh603301,振德医疗,2025-10-20 09:31:46,70.6,24400,70.6,D
sh603301,振德医疗,2025-10-20 09:31:49,70.6,19500,70.6,U
sh603301,振德医疗,2025-10-20 09:31:52,70.5,18100,70.6,E
sh603301,振德医疗,2025-10-20 09:31:55,70.61,17500,70.5,U
sh603301,振德医疗,2025-10-20 09:31:58,70.6,27400,70.61,D
sh603301,振德医疗,2025-10-20 09:32:01,70.64,9900,70.6,U
sh603301,振德医疗,2025-10-20 09:32:04,70.61,61100,70.64,D
sh603301,振德医疗,2025-10-20 09:32:07,70.78,60800,70.61,U
sh603301,振德医疗,2025-10-20 09:32:10,70.9,14800,70.78,U
sh603301,振德医疗,2025-10-20 09:32:13,70.98,9700,70.9,U
sh603301,振德医疗,2025-10-20 09:32:16,70.99,113000,70.98,U
sh603301,振德医疗,2025-10-20 09:32:19,71.0,42700,70.99,U
sh603301,振德医疗,2025-10-20 09:32:22,71.19,15900,71.0,U
sh603301,振德医疗,2025-10-20 09:32:25,71.2,12300,71.19,U
sh603301,振德医疗,2025-10-20 09:32:28,71.2,26600,71.2,D
sh603301,振德医疗,2025-10-20 09:32:31,71.46,38900,71.2,U
sh603301,振德医疗,2025-10-20 09:32:34,71.31,10700,71.46,E
sh603301,振德医疗,2025-10-20 09:32:37,71.5,25300,71.31,U
sh603301,振德医疗,2025-10-20 09:32:40,71.68,23000,71.5,U
sh603301,振德医疗,2025-10-20 09:32:43,71.71,11200,71.68,U
sh603301,振德医疗,2025-10-20 09:32:46,71.8,15600,71.71,U
sh603301,振德医疗,2025-10-20 09:32:49,71.8,8200,71.8,U
sh603301,振德医疗,2025-10-20 09:32:52,71.9,21900,71.8,U
sh603301,振德医疗,2025-10-20 09:32:55,71.98,17100,71.9,U
sh603301,振德医疗,2025-10-20 09:32:58,71.8,45400,71.98,D
sh603301,振德医疗,2025-10-20 09:33:01,71.74,77400,71.8,D
sh603301,振德医疗,2025-10-20 09:33:04,71.82,19900,71.74,U
sh603301,振德医疗,2025-10-20 09:33:07,71.89,36100,71.82,U
sh603301,振德医疗,2025-10-20 09:33:10,71.97,21900,71.89,U
sh603301,振德医疗,2025-10-20 09:33:13,72.0,124200,71.97,U
sh603301,振德医疗,2025-10-20 09:33:16,72.04,28300,72.0,U
sh603301,振德医疗,2025-10-20 09:33:19,72.16,11900,72.04,U
sh603301,振德医疗,2025-10-20 09:33:22,72.18,19800,72.16,E
sh603301,振德医疗,2025-10-20 09:33:25,72.12,36900,72.18,D
sh603301,振德医疗,2025-10-20 09:33:28,71.94,78000,72.12,D
sh603301,振德医疗,2025-10-20 09:33:31,71.95,29700,71.94,E
sh603301,振德医疗,2025-10-20 09:33:34,72.04,38400,71.95,U
sh603301,振德医疗,2025-10-20 09:33:37,72.11,44900,72.04,U
sh603301,振德医疗,2025-10-20 09:33:40,72.11,33900,72.11,E
sh603301,振德医疗,2025-10-20 09:33:43,72.17,14900,72.11,U
sh603301,振德医疗,2025-10-20 09:33:46,72.1,23000,72.17,D
sh603301,振德医疗,2025-10-20 09:33:49,72.06,7800,72.1,D
sh603301,振德医疗,2025-10-20 09:33:52,72.0,38400,72.06,D
sh603301,振德医疗,2025-10-20 09:33:55,72.0,13000,72.0,D
sh603301,振德医疗,2025-10-20 09:33:58,71.85,30100,72.0,D
sh603301,振德医疗,2025-10-20 09:34:01,71.89,14600,71.85,U
sh603301,振德医疗,2025-10-20 09:34:04,71.86,13700,71.89,U
sh603301,振德医疗,2025-10-20 09:34:07,71.79,46766,71.86,D
sh603301,振德医疗,2025-10-20 09:34:10,71.79,44100,71.79,D
sh603301,振德医疗,2025-10-20 09:34:13,71.86,112500,71.79,U
sh603301,振德医疗,2025-10-20 09:34:16,72.0,105300,71.86,U
sh603301,振德医疗,2025-10-20 09:34:19,72.01,51800,72.0,U
sh603301,振德医疗,2025-10-20 09:34:22,72.06,11800,72.01,U
sh603301,振德医疗,2025-10-20 09:34:25,72.06,5400,72.06,U
sh603301,振德医疗,2025-10-20 09:34:28,72.1,9000,72.06,U
sh603301,振德医疗,2025-10-20 09:34:31,72.02,6700,72.1,D
sh603301,振德医疗,2025-10-20 09:34:34,72.02,4900,72.02,E
sh603301,振德医疗,2025-10-20 09:34:37,72.01,17500,72.02,D
sh603301,振德医疗,2025-10-20 09:34:40,72.01,16900,72.01,E
sh603301,振德医疗,2025-10-20 09:34:43,71.93,11100,72.01,D
sh603301,振德医疗,2025-10-20 09:34:46,72.0,13100,71.93,U
sh603301,振德医疗,2025-10-20 09:34:49,72.0,11900,72.0,U
sh603301,振德医疗,2025-10-20 09:34:52,71.99,29400,72.0,D
sh603301,振德医疗,2025-10-20 09:34:55,71.99,17000,71.99,D
sh603301,振德医疗,2025-10-20 09:34:58,71.97,11800,71.99,D
sh603301,振德医疗,2025-10-20 09:35:01,71.99,7700,71.97,U
sh603301,振德医疗,2025-10-20 09:35:04,72.0,62700,71.99,U
sh603301,振德医疗,2025-10-20 09:35:07,72.01,58700,72.0,U
sh603301,振德医疗,2025-10-20 09:35:10,71.99,169100,72.01,D
sh603301,振德医疗,2025-10-20 09:35:13,71.99,38900,71.99,U
sh603301,振德医疗,2025-10-20 09:35:16,71.99,54500,71.99,U
sh603301,振德医疗,2025-10-20 09:35:19,71.98,10600,71.99,D
sh603301,振德医疗,2025-10-20 09:35:22,71.97,7600,71.98,D
sh603301,振德医疗,2025-10-20 09:35:25,71.95,40280,71.97,D
sh603301,振德医疗,2025-10-20 09:35:28,71.98,28900,71.95,U
sh603301,振德医疗,2025-10-20 09:35:31,71.96,18600,71.98,D
sh603301,振德医疗,2025-10-20 09:35:34,71.94,17120,71.96,D
sh603301,振德医疗,2025-10-20 09:35:37,71.95,20200,71.94,U
sh603301,振德医疗,2025-10-20 09:35:40,72.03,85880,71.95,U
sh603301,振德医疗,2025-10-20 09:35:43,72.21,26317,72.03,U
sh603301,振德医疗,2025-10-20 09:35:46,72.27,13600,72.21,U
sh603301,振德医疗,2025-10-20 09:35:49,72.28,39200,72.27,U
sh603301,振德医疗,2025-10-20 09:35:52,72.28,27000,72.28,U
sh603301,振德医疗,2025-10-20 09:35:55,72.3,11500,72.28,U
sh603301,振德医疗,2025-10-20 09:35:58,72.35,13400,72.3,U
sh603301,振德医疗,2025-10-20 09:36:01,72.52,6600,72.35,U
sh603301,振德医疗,2025-10-20 09:36:04,72.7,13700,72.52,U
sh603301,振德医疗,2025-10-20 09:36:07,72.81,37600,72.7,U
sh603301,振德医疗,2025-10-20 09:36:10,73.0,31500,72.81,U
sh603301,振德医疗,2025-10-20 09:36:13,73.0,92400,73.0,U
sh603301,振德医疗,2025-10-20 09:36:16,73.0,25200,73.0,U
sh603301,振德医疗,2025-10-20 09:36:19,72.69,48800,73.0,D
sh603301,振德医疗,2025-10-20 09:36:22,72.64,25500,72.69,E
sh603301,振德医疗,2025-10-20 09:36:25,72.64,3100,72.64,U
sh603301,振德医疗,2025-10-20 09:36:28,72.56,52500,72.64,D
sh603301,振德医疗,2025-10-20 09:36:31,72.55,13200,72.56,D
sh603301,振德医疗,2025-10-20 09:36:34,72.54,3900,72.55,U
sh603301,振德医疗,2025-10-20 09:36:37,72.12,9600,72.54,D
sh603301,振德医疗,2025-10-20 09:36:40,72.35,14900,72.12,U
sh603301,振德医疗,2025-10-20 09:36:43,72.13,7700,72.35,E
sh603301,振德医疗,2025-10-20 09:36:46,72.01,8300,72.13,D
sh603301,振德医疗,2025-10-20 09:36:49,72.13,34600,72.01,D
sh603301,振德医疗,2025-10-20 09:36:52,71.8,4900,72.13,D
sh603301,振德医疗,2025-10-20 09:36:55,71.7,16800,71.8,D
sh603301,振德医疗,2025-10-20 09:36:58,71.4,15200,71.7,D
sh603301,振德医疗,2025-10-20 09:37:01,71.2,4300,71.4,D
sh603301,振德医疗,2025-10-20 09:37:04,71.03,8800,71.2,D
sh603301,振德医疗,2025-10-20 09:37:07,71.0,39200,71.03,D
sh603301,振德医疗,2025-10-20 09:37:10,70.92,23500,71.0,D
sh603301,振德医疗,2025-10-20 09:37:13,70.88,9200,70.92,D
sh603301,振德医疗,2025-10-20 09:37:16,70.9,7500,70.88,E
sh603301,振德医疗,2025-10-20 09:37:19,70.88,17500,70.9,U
sh603301,振德医疗,2025-10-20 09:37:22,70.9,106000,70.88,U
sh603301,振德医疗,2025-10-20 09:37:25,71.01,72400,70.9,U
sh603301,振德医疗,2025-10-20 09:37:28,71.37,17600,71.01,U
sh603301,振德医疗,2025-10-20 09:37:31,71.5,41800,71.37,U
sh603301,振德医疗,2025-10-20 09:37:34,71.39,32800,71.5,E
sh603301,振德医疗,2025-10-20 09:37:37,71.5,20900,71.39,U
sh603301,振德医疗,2025-10-20 09:37:40,71.39,10500,71.5,D
sh603301,振德医疗,2025-10-20 09:37:43,71.39,6500,71.39,E
sh603301,振德医疗,2025-10-20 09:37:46,71.39,3900,71.39,D
sh603301,振德医疗,2025-10-20 09:37:49,71.37,2900,71.39,D
sh603301,振德医疗,2025-10-20 09:37:52,71.04,6000,71.37,D
sh603301,振德医疗,2025-10-20 09:37:55,71.04,12700,71.04,D
sh603301,振德医疗,2025-10-20 09:37:58,71.0,13700,71.04,D
sh603301,振德医疗,2025-10-20 09:38:01,70.65,8300,71.0,D
sh603301,振德医疗,2025-10-20 09:38:04,70.08,25700,70.65,D
sh603301,振德医疗,2025-10-20 09:38:07,70.08,4700,70.08,D
sh603301,振德医疗,2025-10-20 09:38:10,70.08,7800,70.08,D
sh603301,振德医疗,2025-10-20 09:38:13,70.12,21500,70.08,D
sh603301,振德医疗,2025-10-20 09:38:16,70.12,54400,70.12,D
sh603301,振德医疗,2025-10-20 09:38:19,70.12,20040,70.12,U
sh603301,振德医疗,2025-10-20 09:38:22,70.15,14000,70.12,D
sh603301,振德医疗,2025-10-20 09:38:25,70.11,23360,70.15,D
sh603301,振德医疗,2025-10-20 09:38:28,70.0,20000,70.11,D
sh603301,振德医疗,2025-10-20 09:38:31,70.11,24600,70.0,E
sh603301,振德医疗,2025-10-20 09:38:34,70.0,14400,70.11,D
sh603301,振德医疗,2025-10-20 09:38:37,70.07,12000,70.0,U
sh603301,振德医疗,2025-10-20 09:38:40,70.07,18700,70.07,E
sh603301,振德医疗,2025-10-20 09:38:43,70.09,8300,70.07,U
sh603301,振德医疗,2025-10-20 09:38:46,70.12,18300,70.09,U
sh603301,振德医疗,2025-10-20 09:38:49,70.12,6300,70.12,U
sh603301,振德医疗,2025-10-20 09:38:52,70.12,44200,70.12,U
sh603301,振德医疗,2025-10-20 09:38:55,70.07,5700,70.12,D
sh603301,振德医疗,2025-10-20 09:38:58,70.08,10900,70.07,E
sh603301,振德医疗,2025-10-20 09:39:01,70.08,28400,70.08,E
sh603301,振德医疗,2025-10-20 09:39:04,70.02,15300,70.08,D
sh603301,振德医疗,2025-10-20 09:39:07,70.16,44040,70.02,U
sh603301,振德医疗,2025-10-20 09:39:10,70.13,8400,70.16,D
sh603301,振德医疗,2025-10-20 09:39:13,70.15,18100,70.13,D
sh603301,振德医疗,2025-10-20 09:39:16,70.15,10500,70.15,U
sh603301,振德医疗,2025-10-20 09:39:19,70.15,12800,70.15,U
sh603301,振德医疗,2025-10-20 09:39:22,70.08,31700,70.15,D
sh603301,振德医疗,2025-10-20 09:39:25,70.15,15900,70.08,U
sh603301,振德医疗,2025-10-20 09:39:28,70.15,15900,70.15,U
sh603301,振德医疗,2025-10-20 09:39:31,70.02,33100,70.15,D
sh603301,振德医疗,2025-10-20 09:39:34,70.07,28300,70.02,E
sh603301,振德医疗,2025-10-20 09:39:37,70.1,54700,70.07,U
sh603301,振德医疗,2025-10-20 09:39:40,70.1,8800,70.1,U
sh603301,振德医疗,2025-10-20 09:39:43,70.01,20400,70.1,D
sh603301,振德医疗,2025-10-20 09:39:46,70.01,8500,70.01,U
sh603301,振德医疗,2025-10-20 09:39:49,70.05,24000,70.01,U
sh603301,振德医疗,2025-10-20 09:39:52,70.1,48600,70.05,U
sh603301,振德医疗,2025-10-20 09:39:55,70.06,9900,70.1,D
sh603301,振德医疗,2025-10-20 09:39:58,70.05,5900,70.06,E
sh603301,振德医疗,2025-10-20 09:40:01,70.01,7200,70.05,D
sh603301,振德医疗,2025-10-20 09:40:04,70.02,43700,70.01,U
sh603301,振德医疗,2025-10-20 09:40:07,70.02,13100,70.02,U
sh603301,振德医疗,2025-10-20 09:40:10,70.0,52700,70.02,D
sh603301,振德医疗,2025-10-20 09:40:13,70.0,7800,70.0,D
sh603301,振德医疗,2025-10-20 09:40:16,70.0,34900,70.0,D
sh603301,振德医疗,2025-10-20 09:40:19,70.01,11700,70.0,U
sh603301,振德医疗,2025-10-20 09:40:22,70.01,6700,70.01,U
sh603301,振德医疗,2025-10-20 09:40:25,70.01,17400,70.01,U
sh603301,振德医疗,2025-10-20 09:40:28,70.01,9300,70.01,U
sh603301,振德医疗,2025-10-20 09:40:34,69.98,5400,69.99,D
sh603301,振德医疗,2025-10-20 09:40:37,69.98,14500,69.98,D
sh603301,振德医疗,2025-10-20 09:40:40,69.98,13800,69.98,U
sh603301,振德医疗,2025-10-20 09:40:43,69.98,13800,69.98,U
sh603301,振德医疗,2025-10-20 09:40:46,69.91,4200,69.98,D
sh603301,振德医疗,2025-10-20 09:40:49,69.9,14300,69.91,D
sh603301,振德医疗,2025-10-20 09:40:58,69.78,3500,69.8,D
sh603301,振德医疗,2025-10-20 09:41:04,69.69,4900,69.76,D
sh603301,振德医疗,2025-10-20 09:41:16,69.5,26500,69.55,D
sh603301,振德医疗,2025-10-20 09:41:19,69.7,34700,69.5,U
sh603301,振德医疗,2025-10-20 09:41:22,69.7,6900,69.7,D
sh603301,振德医疗,2025-10-20 09:41:25,69.76,3300,69.7,D
sh603301,振德医疗,2025-10-20 09:41:28,69.78,5600,69.76,E
sh603301,振德医疗,2025-10-20 09:41:31,69.82,26800,69.78,U
sh603301,振德医疗,2025-10-20 09:41:34,69.89,11000,69.82,U
sh603301,振德医疗,2025-10-20 09:41:37,69.93,10100,69.89,U
sh603301,振德医疗,2025-10-20 09:41:40,69.98,6100,69.93,U
sh603301,振德医疗,2025-10-20 09:41:43,69.89,8400,69.98,D
sh603301,振德医疗,2025-10-20 09:41:46,69.85,5100,69.89,D
sh603301,振德医疗,2025-10-20 09:41:49,69.89,10700,69.85,U
sh603301,振德医疗,2025-10-20 09:41:52,70.02,43600,69.89,U
sh603301,振德医疗,2025-10-20 09:41:55,70.02,8700,70.02,U
sh603301,振德医疗,2025-10-20 09:41:58,70.02,4300,70.02,U
sh603301,振德医疗,2025-10-20 09:42:01,70.04,4400,70.02,D
sh603301,振德医疗,2025-10-20 09:42:04,70.12,9000,70.04,U
sh603301,振德医疗,2025-10-20 09:42:07,70.15,12800,70.12,U
sh603301,振德医疗,2025-10-20 09:42:10,70.58,2900,70.15,U
sh603301,振德医疗,2025-10-20 09:42:13,70.5,5100,70.58,D
sh603301,振德医疗,2025-10-20 09:42:16,70.78,57400,70.5,U
sh603301,振德医疗,2025-10-20 09:42:22,70.84,7600,70.78,U
sh603301,振德医疗,2025-10-20 09:42:25,70.88,8200,70.84,U
sh603301,振德医疗,2025-10-20 09:42:28,70.9,3200,70.88,E
sh603301,振德医疗,2025-10-20 09:42:31,70.91,6400,70.9,E
sh603301,振德医疗,2025-10-20 09:42:34,70.9,16700,70.91,E
sh603301,振德医疗,2025-10-20 09:42:37,70.99,13200,70.9,U
sh603301,振德医疗,2025-10-20 09:42:43,71.0,7800,70.99,U
sh603301,振德医疗,2025-10-20 09:42:46,70.91,8100,71.0,E
sh603301,振德医疗,2025-10-20 09:42:49,71.0,8400,70.91,U
sh603301,振德医疗,2025-10-20 09:43:01,71.0,7600,71.02,D
sh603301,振德医疗,2025-10-20 09:43:04,71.02,20400,71.0,U
sh603301,振德医疗,2025-10-20 09:43:07,70.98,15700,71.02,E
sh603301,振德医疗,2025-10-20 09:43:13,70.84,15500,70.88,D
sh603301,振德医疗,2025-10-20 09:43:16,70.84,12700,70.84,D
sh603301,振德医疗,2025-10-20 09:43:19,70.84,10500,70.84,D
sh603301,振德医疗,2025-10-20 09:43:25,70.84,7700,70.8,U
sh603301,振德医疗,2025-10-20 09:43:28,71.07,64476,70.84,U
sh603301,振德医疗,2025-10-20 09:43:31,71.39,75300,71.07,U
sh603301,振德医疗,2025-10-20 09:43:34,71.39,111500,71.39,U
sh603301,振德医疗,2025-10-20 09:43:37,71.39,35000,71.39,U
sh603301,振德医疗,2025-10-20 09:43:40,71.38,66800,71.39,D
sh603301,振德医疗,2025-10-20 09:43:43,71.51,8300,71.38,U
sh603301,振德医疗,2025-10-20 09:43:46,71.64,5500,71.51,U
sh603301,振德医疗,2025-10-20 09:43:55,71.39,6100,71.5,D
sh603301,振德医疗,2025-10-20 09:43:58,71.41,3100,71.39,D
sh603301,振德医疗,2025-10-20 09:44:01,71.38,21400,71.41,D
sh603301,振德医疗,2025-10-20 09:44:07,71.38,4300,71.5,D
sh603301,振德医疗,2025-10-20 09:44:10,71.11,5600,71.38,D
sh603301,振德医疗,2025-10-20 09:44:34,70.87,5200,70.9,D
sh603301,振德医疗,2025-10-20 09:44:37,71.08,12400,70.87,U
sh603301,振德医疗,2025-10-20 09:44:40,71.11,73600,71.08,U
sh603301,振德医疗,2025-10-20 09:44:43,71.04,4600,71.11,E
sh603301,振德医疗,2025-10-20 09:44:46,71.02,3700,71.04,D
sh603301,振德医疗,2025-10-20 09:45:01,70.92,7300,70.91,U
sh603301,振德医疗,2025-10-20 09:45:04,70.91,3900,70.92,D
sh603301,振德医疗,2025-10-20 09:45:07,70.91,11300,70.91,U
sh603301,振德医疗,2025-10-20 09:45:10,70.97,33400,70.91,U
sh603301,振德医疗,2025-10-20 09:45:13,71.02,17200,70.97,U
sh603301,振德医疗,2025-10-20 09:45:16,71.0,34800,71.02,D
sh603301,振德医疗,2025-10-20 09:45:19,71.02,38300,71.0,U
sh603301,振德医疗,2025-10-20 09:45:22,71.07,54700,71.02,U
sh603301,振德医疗,2025-10-20 09:45:25,71.06,9000,71.07,D
sh603301,振德医疗,2025-10-20 09:45:31,71.06,6400,71.07,D
sh603301,振德医疗,2025-10-20 09:45:34,71.07,4300,71.06,U
sh603301,振德医疗,2025-10-20 09:45:37,71.07,3100,71.07,U
sh603301,振德医疗,2025-10-20 09:45:43,71.07,3400,71.07,U
sh603301,振德医疗,2025-10-20 09:45:58,71.03,9600,71.03,D
sh603301,振德医疗,2025-10-20 09:46:01,71.04,4000,71.03,U
sh603301,振德医疗,2025-10-20 09:46:04,71.03,6000,71.04,D
sh603301,振德医疗,2025-10-20 09:46:07,71.04,11400,71.03,U
sh603301,振德医疗,2025-10-20 09:46:10,71.07,77600,71.04,U
sh603301,振德医疗,2025-10-20 09:46:13,71.2,56558,71.07,U
sh603301,振德医疗,2025-10-20 09:46:16,71.34,3700,71.2,U
sh603301,振德医疗,2025-10-20 09:46:25,71.38,8400,71.38,U
sh603301,振德医疗,2025-10-20 09:46:31,71.35,3300,71.35,D
sh603301,振德医疗,2025-10-20 09:46:37,71.35,3000,71.34,U
sh603301,振德医疗,2025-10-20 09:46:46,71.29,8000,71.3,E
sh603301,振德医疗,2025-10-20 09:46:52,71.28,3300,71.21,U
sh603301,振德医疗,2025-10-20 09:46:58,71.21,3000,71.21,D
sh603301,振德医疗,2025-10-20 09:47:10,71.1,3600,71.15,D
sh603301,振德医疗,2025-10-20 09:47:22,71.04,2900,71.07,D
sh603301,振德医疗,2025-10-20 09:47:37,71.02,9700,71.02,D
sh603301,振德医疗,2025-10-20 09:47:40,71.01,2900,71.02,D
sh603301,振德医疗,2025-10-20 09:47:46,71.0,3700,71.0,U
sh603301,振德医疗,2025-10-20 09:47:55,70.9,3700,70.91,D
sh603301,振德医疗,2025-10-20 09:47:58,70.9,15100,70.9,D
sh603301,振德医疗,2025-10-20 09:48:01,70.9,11900,70.9,D
sh603301,振德医疗,2025-10-20 09:48:07,70.88,24000,70.9,D
sh603301,振德医疗,2025-10-20 09:48:19,71.0,35900,70.88,U
sh603301,振德医疗,2025-10-20 09:48:22,71.0,8400,71.0,D
sh603301,振德医疗,2025-10-20 09:48:25,71.0,3700,71.0,U
sh603301,振德医疗,2025-10-20 09:48:37,70.99,4500,70.99,D
sh603301,振德医疗,2025-10-20 09:48:40,70.99,4100,70.99,D
sh603301,振德医疗,2025-10-20 09:49:01,70.92,4200,70.98,D
sh603301,振德医疗,2025-10-20 09:49:04,70.99,3900,70.92,U
sh603301,振德医疗,2025-10-20 09:49:10,71.02,27300,70.99,U
sh603301,振德医疗,2025-10-20 09:49:13,71.01,5200,71.02,D
sh603301,振德医疗,2025-10-20 09:49:22,71.05,10300,71.02,U
sh603301,振德医疗,2025-10-20 09:49:25,71.2,11800,71.05,U
sh603301,振德医疗,2025-10-20 09:49:28,71.35,17500,71.2,U
sh603301,振德医疗,2025-10-20 09:49:31,71.5,33100,71.35,U
sh603301,振德医疗,2025-10-20 09:49:34,71.52,8900,71.5,U
sh603301,振德医疗,2025-10-20 09:49:37,71.55,20300,71.52,U
sh603301,振德医疗,2025-10-20 09:49:40,71.62,2900,71.55,U
sh603301,振德医疗,2025-10-20 09:49:49,71.72,11200,71.7,U
sh603301,振德医疗,2025-10-20 09:49:52,71.85,7600,71.72,U
sh603301,振德医疗,2025-10-20 09:49:58,71.75,3900,71.8,D
sh603301,振德医疗,2025-10-20 09:50:01,71.73,6400,71.75,D
sh603301,振德医疗,2025-10-20 09:50:04,71.68,5600,71.73,D
sh603301,振德医疗,2025-10-20 09:50:10,71.56,4300,71.69,D
sh603301,振德医疗,2025-10-20 09:50:22,71.52,3300,71.48,E
sh603301,振德医疗,2025-10-20 09:50:25,71.56,2800,71.52,U
sh603301,振德医疗,2025-10-20 09:50:28,71.69,21400,71.56,U
sh603301,振德医疗,2025-10-20 09:50:31,71.85,9300,71.69,U
sh603301,振德医疗,2025-10-20 09:50:34,71.83,34300,71.85,E
sh603301,振德医疗,2025-10-20 09:50:37,71.82,9000,71.83,D
sh603301,振德医疗,2025-10-20 09:50:46,71.71,3100,71.82,U
sh603301,振德医疗,2025-10-20 09:50:49,71.81,5200,71.71,U
sh603301,振德医疗,2025-10-20 09:50:55,71.73,3300,71.71,E
sh603301,振德医疗,2025-10-20 09:51:01,71.72,4200,71.73,D
sh603301,振德医疗,2025-10-20 09:51:04,71.56,72600,71.72,D
sh603301,振德医疗,2025-10-20 09:51:07,71.56,5300,71.56,U
sh603301,振德医疗,2025-10-20 09:51:13,71.56,6400,71.54,U
sh603301,振德医疗,2025-10-20 09:51:16,71.5,3800,71.56,D
sh603301,振德医疗,2025-10-20 09:51:25,71.54,3900,71.46,U
sh603301,振德医疗,2025-10-20 09:51:28,71.77,94900,71.54,U
sh603301,振德医疗,2025-10-20 09:51:31,72.0,122800,71.77,U
sh603301,振德医疗,2025-10-20 09:51:34,72.05,11500,72.0,U
sh603301,振德医疗,2025-10-20 09:51:37,72.14,3600,72.05,U
sh603301,振德医疗,2025-10-20 09:51:40,72.09,3700,72.14,D
sh603301,振德医疗,2025-10-20 09:51:43,72.0,17300,72.09,D
sh603301,振德医疗,2025-10-20 09:51:46,71.99,3400,72.0,D
sh603301,振德医疗,2025-10-20 09:51:49,72.13,4200,71.99,U
sh603301,振德医疗,2025-10-20 09:51:52,71.99,6800,72.13,D
sh603301,振德医疗,2025-10-20 09:52:04,72.0,10600,72.09,D
sh603301,振德医疗,2025-10-20 09:52:07,72.0,4300,72.0,U
sh603301,振德医疗,2025-10-20 09:52:10,71.99,4400,72.0,D
sh603301,振德医疗,2025-10-20 09:52:25,71.85,3100,71.81,U
sh603301,振德医疗,2025-10-20 09:52:43,71.56,3100,71.6,D
sh603301,振德医疗,2025-10-20 09:52:49,71.7,24700,71.57,U
sh603301,振德医疗,2025-10-20 09:52:52,71.72,5000,71.7,U
sh603301,振德医疗,2025-10-20 09:53:01,71.74,7500,71.75,D
sh603301,振德医疗,2025-10-20 09:53:04,71.73,47300,71.74,D
sh603301,振德医疗,2025-10-20 09:53:07,71.72,6100,71.73,D
sh603301,振德医疗,2025-10-20 09:53:10,71.73,6000,71.72,U
sh603301,振德医疗,2025-10-20 09:53:28,71.68,7900,71.69,D
sh603301,振德医疗,2025-10-20 09:53:34,71.65,2900,71.65,D
sh603301,振德医疗,2025-10-20 09:53:58,71.57,2900,71.58,E
sh603301,振德医疗,2025-10-20 09:54:01,71.5,3100,71.57,D
sh603301,振德医疗,2025-10-20 09:54:04,71.5,4500,71.5,U
sh603301,振德医疗,2025-10-20 09:54:07,71.51,4000,71.5,U
sh603301,振德医疗,2025-10-20 09:54:10,71.5,8400,71.51,D
sh603301,振德医疗,2025-10-20 09:54:13,71.54,5500,71.5,U
sh603301,振德医疗,2025-10-20 09:54:16,71.56,9200,71.54,U
sh603301,振德医疗,2025-10-20 09:54:19,71.55,3800,71.56,D
sh603301,振德医疗,2025-10-20 09:54:31,71.49,4400,71.51,D
sh603301,振德医疗,2025-10-20 09:54:34,71.48,3200,71.49,D
sh603301,振德医疗,2025-10-20 09:54:37,71.48,4000,71.48,D
sh603301,振德医疗,2025-10-20 09:54:46,71.4,6700,71.47,D
sh603301,振德医疗,2025-10-20 09:54:55,71.4,6800,71.4,D
sh603301,振德医疗,2025-10-20 09:55:01,71.41,8600,71.41,D
sh603301,振德医疗,2025-10-20 09:55:04,71.41,7300,71.41,U
sh603301,振德医疗,2025-10-20 09:55:07,71.39,3800,71.41,D
sh603301,振德医疗,2025-10-20 09:55:10,71.4,3200,71.39,U
sh603301,振德医疗,2025-10-20 09:55:13,71.32,5700,71.4,E
sh603301,振德医疗,2025-10-20 09:55:19,71.3,12700,71.3,D
sh603301,振德医疗,2025-10-20 09:55:22,71.3,8500,71.3,D
sh603301,振德医疗,2025-10-20 09:55:31,71.21,4800,71.22,D
sh603301,振德医疗,2025-10-20 09:55:37,71.22,3700,71.21,U
sh603301,振德医疗,2025-10-20 09:55:43,71.21,5000,71.22,D
sh603301,振德医疗,2025-10-20 09:55:46,71.21,3000,71.21,U
sh603301,振德医疗,2025-10-20 09:55:52,71.21,4000,71.21,U
sh603301,振德医疗,2025-10-20 09:55:55,71.3,10500,71.21,U
sh603301,振德医疗,2025-10-20 09:55:58,71.29,2900,71.3,D
sh603301,振德医疗,2025-10-20 09:56:04,71.3,6900,71.3,U
sh603301,振德医疗,2025-10-20 09:56:13,71.33,12200,71.31,U
sh603301,振德医疗,2025-10-20 09:56:28,71.47,23900,71.35,U
sh603301,振德医疗,2025-10-20 09:56:31,71.49,16300,71.47,U
sh603301,振德医疗,2025-10-20 09:56:34,71.56,9000,71.49,U
sh603301,振德医疗,2025-10-20 09:56:40,71.6,35100,71.58,U
sh603301,振德医疗,2025-10-20 09:56:43,71.6,13700,71.6,D
sh603301,振德医疗,2025-10-20 09:56:52,71.63,4400,71.63,U
sh603301,振德医疗,2025-10-20 09:57:01,71.62,3300,71.62,U
sh603301,振德医疗,2025-10-20 09:57:16,71.6,2900,71.61,U
sh603301,振德医疗,2025-10-20 09:57:25,71.55,4500,71.55,U
sh603301,振德医疗,2025-10-20 09:57:28,71.55,4500,71.55,E
sh603301,振德医疗,2025-10-20 09:57:31,71.7,34900,71.55,U
sh603301,振德医疗,2025-10-20 09:57:34,71.7,11900,71.7,E
sh603301,振德医疗,2025-10-20 09:57:37,71.82,6000,71.7,U
sh603301,振德医疗,2025-10-20 09:58:04,71.69,6000,71.69,U
sh603301,振德医疗,2025-10-20 09:58:07,71.68,16300,71.69,U
sh603301,振德医疗,2025-10-20 09:58:10,71.7,12900,71.68,U
sh603301,振德医疗,2025-10-20 09:58:13,71.68,4700,71.7,D
sh603301,振德医疗,2025-10-20 09:58:19,71.67,7500,71.68,D
sh603301,振德医疗,2025-10-20 09:58:28,71.66,2800,71.66,D
sh603301,振德医疗,2025-10-20 09:58:37,71.66,3400,71.66,U
sh603301,振德医疗,2025-10-20 09:58:40,71.66,5100,71.66,U
sh603301,振德医疗,2025-10-20 09:58:43,71.65,4500,71.66,D
sh603301,振德医疗,2025-10-20 09:58:46,71.66,5400,71.65,E
sh603301,振德医疗,2025-10-20 09:58:49,71.7,4300,71.66,U
sh603301,振德医疗,2025-10-20 09:59:01,71.79,3800,71.78,U
sh603301,振德医疗,2025-10-20 09:59:04,71.81,8200,71.79,U
sh603301,振德医疗,2025-10-20 09:59:25,71.9,2900,71.92,D
sh603301,振德医疗,2025-10-20 09:59:34,71.69,10600,71.85,D
sh603301,振德医疗,2025-10-20 09:59:55,71.85,2900,71.85,U
sh603301,振德医疗,2025-10-20 10:00:07,71.78,4400,71.86,D
sh603301,振德医疗,2025-10-20 10:00:19,71.74,7700,71.75,D
sh603301,振德医疗,2025-10-20 10:00:28,71.74,5400,71.74,D
sh603301,振德医疗,2025-10-20 10:00:49,71.75,5500,71.74,U
sh603301,振德医疗,2025-10-20 10:00:52,71.74,5000,71.75,D
sh603301,振德医疗,2025-10-20 10:00:55,71.77,10500,71.74,U
sh603301,振德医疗,2025-10-20 10:00:58,71.78,16400,71.77,U
sh603301,振德医疗,2025-10-20 10:01:01,71.88,3200,71.78,U
sh603301,振德医疗,2025-10-20 10:01:04,71.98,6600,71.88,U
sh603301,振德医疗,2025-10-20 10:01:13,71.98,12400,71.98,U
sh603301,振德医疗,2025-10-20 10:01:16,71.99,5400,71.98,U
sh603301,振德医疗,2025-10-20 10:01:19,71.98,3600,71.99,D
sh603301,振德医疗,2025-10-20 10:01:25,71.99,3900,71.97,U
sh603301,振德医疗,2025-10-20 10:01:31,71.96,4200,71.98,D
sh603301,振德医疗,2025-10-20 10:01:34,71.96,4900,71.96,U
sh603301,振德医疗,2025-10-20 10:01:37,71.96,3500,71.96,U
sh603301,振德医疗,2025-10-20 10:01:52,71.93,6300,71.95,D
sh603301,振德医疗,2025-10-20 10:02:58,71.81,5000,71.82,D
sh603301,振德医疗,2025-10-20 10:03:04,71.83,7200,71.82,U
sh603301,振德医疗,2025-10-20 10:03:07,71.81,26900,71.83,D
sh603301,振德医疗,2025-10-20 10:03:10,71.93,69300,71.81,U
sh603301,振德医疗,2025-10-20 10:03:13,72.0,58556,71.93,U
sh603301,振德医疗,2025-10-20 10:03:16,72.11,93600,72.0,U
sh603301,振德医疗,2025-10-20 10:03:19,72.25,71100,72.11,U
sh603301,振德医疗,2025-10-20 10:03:22,72.31,15500,72.25,U
sh603301,振德医疗,2025-10-20 10:03:25,72.36,4500,72.31,U
sh603301,振德医疗,2025-10-20 10:03:28,72.39,23700,72.36,U
sh603301,振德医疗,2025-10-20 10:03:34,72.39,7500,72.41,D
sh603301,振德医疗,2025-10-20 10:03:37,72.36,2900,72.39,D
sh603301,振德医疗,2025-10-20 10:03:40,72.36,7900,72.36,D
sh603301,振德医疗,2025-10-20 10:03:43,72.35,7200,72.36,D
sh603301,振德医疗,2025-10-20 10:03:46,72.36,4800,72.35,U
sh603301,振德医疗,2025-10-20 10:03:49,72.35,3200,72.36,D
sh603301,振德医疗,2025-10-20 10:03:52,72.33,3700,72.35,D
sh603301,振德医疗,2025-10-20 10:04:04,72.24,3900,72.24,U
sh603301,振德医疗,2025-10-20 10:04:22,72.05,4600,72.12,E
sh603301,振德医疗,2025-10-20 10:04:28,72.02,2900,72.04,D
sh603301,振德医疗,2025-10-20 10:04:31,72.0,4400,72.02,D
sh603301,振德医疗,2025-10-20 10:04:40,72.01,5000,72.0,U
sh603301,振德医疗,2025-10-20 10:04:43,72.09,14200,72.01,U
sh603301,振德医疗,2025-10-20 10:04:46,72.16,14000,72.09,U
sh603301,振德医疗,2025-10-20 10:04:52,72.16,9900,72.15,U
sh603301,振德医疗,2025-10-20 10:04:58,72.11,9800,72.16,D
sh603301,振德医疗,2025-10-20 10:05:04,72.16,6100,72.13,U
sh603301,振德医疗,2025-10-20 10:05:37,72.1,3400,72.09,U
sh603301,振德医疗,2025-10-20 10:05:46,72.07,3500,72.07,D
sh603301,振德医疗,2025-10-20 10:05:49,72.07,3000,72.07,D
sh603301,振德医疗,2025-10-20 10:06:04,72.07,3000,72.0,U
sh603301,振德医疗,2025-10-20 10:06:28,72.0,3500,72.0,D
sh603301,振德医疗,2025-10-20 10:06:34,72.2,60800,72.0,U
sh603301,振德医疗,2025-10-20 10:06:37,72.21,6100,72.2,U
sh603301,振德医疗,2025-10-20 10:06:40,72.32,17000,72.21,U
sh603301,振德医疗,2025-10-20 10:06:43,72.33,6000,72.32,U
sh603301,振德医疗,2025-10-20 10:06:46,72.38,37400,72.33,U
sh603301,振德医疗,2025-10-20 10:06:49,72.39,13800,72.38,U
sh603301,振德医疗,2025-10-20 10:06:52,72.41,3400,72.39,U
sh603301,振德医疗,2025-10-20 10:07:01,72.32,13800,72.46,D
sh603301,振德医疗,2025-10-20 10:07:04,72.56,98400,72.32,U
sh603301,振德医疗,2025-10-20 10:07:07,72.58,28600,72.56,U
sh603301,振德医疗,2025-10-20 10:07:10,72.56,9300,72.58,D
sh603301,振德医疗,2025-10-20 10:07:16,72.55,7700,72.56,D
sh603301,振德医疗,2025-10-20 10:07:22,72.55,4700,72.55,U
sh603301,振德医疗,2025-10-20 10:07:25,72.55,5900,72.55,U
sh603301,振德医疗,2025-10-20 10:07:31,72.55,6800,72.54,U
sh603301,振德医疗,2025-10-20 10:07:34,72.55,7200,72.55,U
sh603301,振德医疗,2025-10-20 10:07:37,72.55,8900,72.55,D
sh603301,振德医疗,2025-10-20 10:07:43,72.5,12800,72.5,D
sh603301,振德医疗,2025-10-20 10:07:52,72.46,4600,72.47,D
sh603301,振德医疗,2025-10-20 10:07:55,72.44,6100,72.46,D
sh603301,振德医疗,2025-10-20 10:08:13,72.36,3400,72.36,U
sh603301,振德医疗,2025-10-20 10:08:19,72.37,10800,72.35,U
sh603301,振德医疗,2025-10-20 10:08:22,72.52,43400,72.37,U
sh603301,振德医疗,2025-10-20 10:08:25,72.55,11900,72.52,U
sh603301,振德医疗,2025-10-20 10:08:28,72.56,10900,72.55,U
sh603301,振德医疗,2025-10-20 10:08:31,72.6,89300,72.56,U
sh603301,振德医疗,2025-10-20 10:08:34,72.79,49300,72.6,U
sh603301,振德医疗,2025-10-20 10:08:37,72.86,18000,72.79,U
sh603301,振德医疗,2025-10-20 10:08:40,72.8,7000,72.86,D
sh603301,振德医疗,2025-10-20 10:08:43,72.88,2900,72.8,U
sh603301,振德医疗,2025-10-20 10:08:46,72.88,21200,72.88,U
sh603301,振德医疗,2025-10-20 10:08:52,72.65,20600,72.88,D
sh603301,振德医疗,2025-10-20 10:08:55,72.69,11200,72.65,E
sh603301,振德医疗,2025-10-20 10:08:58,72.7,4700,72.69,D
sh603301,振德医疗,2025-10-20 10:09:01,72.65,20800,72.7,D
sh603301,振德医疗,2025-10-20 10:09:07,72.67,8200,72.7,D
sh603301,振德医疗,2025-10-20 10:09:10,72.7,39100,72.67,U
sh603301,振德医疗,2025-10-20 10:09:13,72.71,11900,72.7,D
sh603301,振德医疗,2025-10-20 10:09:16,72.71,4400,72.71,D
sh603301,振德医疗,2025-10-20 10:09:19,72.64,17800,72.71,D
sh603301,振德医疗,2025-10-20 10:09:22,72.75,8800,72.64,U
sh603301,振德医疗,2025-10-20 10:09:25,72.91,10500,72.75,U
sh603301,振德医疗,2025-10-20 10:09:28,72.85,7500,72.91,E
sh603301,振德医疗,2025-10-20 10:09:31,72.77,4300,72.85,D
sh603301,振德医疗,2025-10-20 10:09:34,72.9,52900,72.77,E
sh603301,振德医疗,2025-10-20 10:09:37,72.99,59500,72.9,U
sh603301,振德医疗,2025-10-20 10:09:40,72.77,20900,72.99,D
sh603301,振德医疗,2025-10-20 10:09:46,72.9,6200,72.97,D
sh603301,振德医疗,2025-10-20 10:09:49,72.87,46200,72.9,D
sh603301,振德医疗,2025-10-20 10:09:52,72.9,6400,72.87,U
sh603301,振德医疗,2025-10-20 10:09:55,72.65,5800,72.9,D
sh603301,振德医疗,2025-10-20 10:10:01,72.64,4400,72.65,D
sh603301,振德医疗,2025-10-20 10:10:10,72.64,21700,72.63,U
sh603301,振德医疗,2025-10-20 10:10:13,72.64,3600,72.64,D
sh603301,振德医疗,2025-10-20 10:10:19,72.66,53900,72.64,U
sh603301,振德医疗,2025-10-20 10:10:22,72.75,21600,72.66,U
sh603301,振德医疗,2025-10-20 10:10:25,72.76,2800,72.75,U
sh603301,振德医疗,2025-10-20 10:10:34,72.87,7200,72.76,U
sh603301,振德医疗,2025-10-20 10:10:37,72.77,3200,72.87,D
sh603301,振德医疗,2025-10-20 10:11:10,72.85,3000,72.86,D
sh603301,振德医疗,2025-10-20 10:11:16,72.85,4300,72.85,U
sh603301,振德医疗,2025-10-20 10:11:19,72.85,6600,72.85,U
sh603301,振德医疗,2025-10-20 10:11:22,72.84,3700,72.85,D
sh603301,振德医疗,2025-10-20 10:11:25,72.85,3300,72.84,U
sh603301,振德医疗,2025-10-20 10:11:28,72.85,11400,72.85,U
sh603301,振德医疗,2025-10-20 10:11:31,72.84,4300,72.85,D
sh603301,振德医疗,2025-10-20 10:11:34,72.85,3900,72.84,D
sh603301,振德医疗,2025-10-20 10:11:37,72.86,4700,72.85,U
sh603301,振德医疗,2025-10-20 10:11:46,72.89,15900,72.86,D
sh603301,振德医疗,2025-10-20 10:12:01,72.84,4600,72.86,E
sh603301,振德医疗,2025-10-20 10:12:13,72.86,2900,72.86,U
sh603301,振德医疗,2025-10-20 10:12:19,72.85,2900,72.83,U
sh603301,振德医疗,2025-10-20 10:12:25,72.85,5600,72.85,D
sh603301,振德医疗,2025-10-20 10:12:31,72.83,16200,72.83,D
sh603301,振德医疗,2025-10-20 10:12:34,72.83,3000,72.83,U
sh603301,振德医疗,2025-10-20 10:12:37,72.83,9500,72.83,U
sh603301,振德医疗,2025-10-20 10:12:52,72.69,3100,72.77,D
sh603301,振德医疗,2025-10-20 10:13:10,72.59,4100,72.61,D
sh603301,振德医疗,2025-10-20 10:13:19,72.58,7500,72.58,D
sh603301,振德医疗,2025-10-20 10:13:22,72.51,3600,72.58,D
sh603301,振德医疗,2025-10-20 10:13:28,72.51,2900,72.51,D
sh603301,振德医疗,2025-10-20 10:13:31,72.51,4400,72.51,D
sh603301,振德医疗,2025-10-20 10:13:37,72.52,8100,72.42,U
sh603301,振德医疗,2025-10-20 10:13:40,72.53,3600,72.52,D
sh603301,振德医疗,2025-10-20 10:13:52,72.45,10700,72.48,D
sh603301,振德医疗,2025-10-20 10:13:55,72.45,4300,72.45,D
sh603301,振德医疗,2025-10-20 10:14:04,72.28,3300,72.43,D
sh603301,振德医疗,2025-10-20 10:14:07,72.43,4200,72.28,U
sh603301,振德医疗,2025-10-20 10:14:10,72.29,4500,72.43,D
sh603301,振德医疗,2025-10-20 10:14:13,72.4,5500,72.29,E
sh603301,振德医疗,2025-10-20 10:14:16,72.43,10200,72.4,U
sh603301,振德医疗,2025-10-20 10:14:19,72.31,5100,72.43,D
sh603301,振德医疗,2025-10-20 10:14:28,72.3,7800,72.4,D
sh603301,振德医疗,2025-10-20 10:14:46,72.05,14500,72.28,D
sh603301,振德医疗,2025-10-20 10:14:55,72.09,3800,72.11,D
sh603301,振德医疗,2025-10-20 10:15:01,72.28,3500,72.09,U
sh603301,振德医疗,2025-10-20 10:15:07,72.29,4200,72.12,U
sh603301,振德医疗,2025-10-20 10:15:10,72.35,3400,72.29,U
sh603301,振德医疗,2025-10-20 10:15:13,72.35,5600,72.35,E
sh603301,振德医疗,2025-10-20 10:15:31,72.35,4000,72.35,U
sh603301,振德医疗,2025-10-20 10:15:34,72.45,9800,72.35,U
sh603301,振德医疗,2025-10-20 10:15:40,72.71,36500,72.53,U
sh603301,振德医疗,2025-10-20 10:15:49,72.83,11600,72.77,U
sh603301,振德医疗,2025-10-20 10:15:52,72.88,12000,72.83,U
sh603301,振德医疗,2025-10-20 10:15:55,72.89,11400,72.88,U
sh603301,振德医疗,2025-10-20 10:15:58,72.86,4300,72.89,D
sh603301,振德医疗,2025-10-20 10:16:01,72.87,8000,72.86,E
sh603301,振德医疗,2025-10-20 10:16:10,72.78,5100,72.86,D
sh603301,振德医疗,2025-10-20 10:16:16,72.73,3500,72.78,D
sh603301,振德医疗,2025-10-20 10:16:19,72.7,3100,72.73,D
sh603301,振德医疗,2025-10-20 10:16:34,72.72,7900,72.7,U
sh603301,振德医疗,2025-10-20 10:16:46,72.7,8000,72.7,D
sh603301,振德医疗,2025-10-20 10:16:58,72.69,14400,72.69,U
sh603301,振德医疗,2025-10-20 10:17:07,72.62,3700,72.69,D
sh603301,振德医疗,2025-10-20 10:17:13,72.65,3300,72.45,U
sh603301,振德医疗,2025-10-20 10:17:16,72.69,4900,72.65,U
sh603301,振德医疗,2025-10-20 10:17:37,72.5,15000,72.56,D
sh603301,振德医疗,2025-10-20 10:18:19,72.62,3400,72.6,U
sh603301,振德医疗,2025-10-20 10:18:37,72.63,4000,72.62,U
sh603301,振德医疗,2025-10-20 10:18:43,72.63,2900,72.63,D
sh603301,振德医疗,2025-10-20 10:18:46,72.65,3300,72.63,U
sh603301,振德医疗,2025-10-20 10:18:52,72.63,3800,72.65,D
sh603301,振德医疗,2025-10-20 10:19:01,72.6,3100,72.62,D
sh603301,振德医疗,2025-10-20 10:19:04,72.6,8000,72.6,U
sh603301,振德医疗,2025-10-20 10:19:07,72.6,9700,72.6,U
sh603301,振德医疗,2025-10-20 10:19:10,72.63,12500,72.6,U
sh603301,振德医疗,2025-10-20 10:19:13,72.66,4500,72.63,U
sh603301,振德医疗,2025-10-20 10:19:16,72.78,31300,72.66,U
sh603301,振德医疗,2025-10-20 10:19:19,72.78,10100,72.78,U
sh603301,振德医疗,2025-10-20 10:19:31,72.77,4720,72.77,U
sh603301,振德医疗,2025-10-20 10:19:37,72.78,4000,72.76,U
sh603301,振德医疗,2025-10-20 10:19:43,72.78,7400,72.77,U
sh603301,振德医疗,2025-10-20 10:19:49,72.79,4600,72.78,U
sh603301,振德医疗,2025-10-20 10:20:01,72.73,3000,72.78,D
sh603301,振德医疗,2025-10-20 10:20:10,72.73,3100,72.73,U
sh603301,振德医疗,2025-10-20 10:20:25,72.79,13800,72.7,U
sh603301,振德医疗,2025-10-20 10:20:28,72.79,15200,72.79,U
sh603301,振德医疗,2025-10-20 10:20:31,72.8,10500,72.79,U
sh603301,振德医疗,2025-10-20 10:20:34,72.8,5900,72.8,U
sh603301,振德医疗,2025-10-20 10:20:40,72.8,4200,72.8,U
sh603301,振德医疗,2025-10-20 10:20:49,72.8,11000,72.8,U
sh603301,振德医疗,2025-10-20 10:20:52,72.8,3300,72.8,U
sh603301,振德医疗,2025-10-20 10:21:07,72.76,6800,72.79,D
sh603301,振德医疗,2025-10-20 10:21:19,72.79,9000,72.76,U
sh603301,振德医疗,2025-10-20 10:21:37,72.64,3300,72.73,D
sh603301,振德医疗,2025-10-20 10:22:22,72.59,4400,72.59,D
sh603301,振德医疗,2025-10-20 10:22:28,72.59,4200,72.59,D
sh603301,振德医疗,2025-10-20 10:22:34,72.59,5300,72.59,U
sh603301,振德医疗,2025-10-20 10:22:58,72.67,3100,72.66,U
sh603301,振德医疗,2025-10-20 10:24:07,72.51,11300,72.6,D
sh603301,振德医疗,2025-10-20 10:24:25,72.23,7000,72.35,D
sh603301,振德医疗,2025-10-20 10:24:28,72.2,8100,72.23,D
sh603301,振德医疗,2025-10-20 10:24:49,72.2,13300,72.09,U
sh603301,振德医疗,2025-10-20 10:24:55,72.25,3400,72.23,E
sh603301,振德医疗,2025-10-20 10:25:19,72.48,3000,72.42,E
sh603301,振德医疗,2025-10-20 10:25:34,72.42,8700,72.43,D
sh603301,振德医疗,2025-10-20 10:26:37,72.48,8100,72.47,U
sh603301,振德医疗,2025-10-20 10:26:40,72.45,21600,72.48,D
sh603301,振德医疗,2025-10-20 10:27:16,72.43,3000,72.43,U
sh603301,振德医疗,2025-10-20 10:27:28,72.43,9000,72.42,U
sh603301,振德医疗,2025-10-20 10:27:31,72.45,5500,72.43,U
sh603301,振德医疗,2025-10-20 10:28:07,72.49,10900,72.46,U
sh603301,振德医疗,2025-10-20 10:28:10,72.5,35500,72.49,U
sh603301,振德医疗,2025-10-20 10:28:13,72.5,2900,72.5,U
sh603301,振德医疗,2025-10-20 10:28:22,72.5,5600,72.5,U
sh603301,振德医疗,2025-10-20 10:29:01,72.5,8600,72.5,U
sh603301,振德医疗,2025-10-20 10:29:58,72.57,72214,72.49,U
sh603301,振德医疗,2025-10-20 10:30:01,72.58,47800,72.57,U
sh603301,振德医疗,2025-10-20 10:30:04,72.63,50800,72.58,U
sh603301,振德医疗,2025-10-20 10:30:07,72.67,4900,72.63,U
sh603301,振德医疗,2025-10-20 10:30:10,72.77,32400,72.67,U
sh603301,振德医疗,2025-10-20 10:30:13,72.87,63640,72.77,U
sh603301,振德医疗,2025-10-20 10:30:16,72.88,14300,72.87,U
sh603301,振德医疗,2025-10-20 10:30:19,72.93,29900,72.88,U
sh603301,振德医疗,2025-10-20 10:30:22,72.93,9600,72.93,U
sh603301,振德医疗,2025-10-20 10:30:25,72.93,5700,72.93,U
sh603301,振德医疗,2025-10-20 10:30:28,72.95,4900,72.93,U
sh603301,振德医疗,2025-10-20 10:30:31,72.94,6200,72.95,D
sh603301,振德医疗,2025-10-20 10:30:34,72.91,6800,72.94,D
sh603301,振德医疗,2025-10-20 10:30:37,72.91,6100,72.91,D
sh603301,振德医疗,2025-10-20 10:30:40,72.91,4700,72.91,D
sh603301,振德医疗,2025-10-20 10:30:43,72.8,6800,72.91,D
sh603301,振德医疗,2025-10-20 10:30:49,72.91,10300,72.9,U
sh603301,振德医疗,2025-10-20 10:31:01,72.9,3200,72.87,U
sh603301,振德医疗,2025-10-20 10:31:04,72.9,15700,72.9,U
sh603301,振德医疗,2025-10-20 10:31:37,72.78,19200,72.71,U
sh603301,振德医疗,2025-10-20 10:31:46,72.52,3600,72.55,D
sh603301,振德医疗,2025-10-20 10:32:55,72.6,11800,72.72,D
sh603301,振德医疗,2025-10-20 10:33:01,72.6,5900,72.6,U
sh603301,振德医疗,2025-10-20 10:33:37,72.6,6100,72.8,D
sh603301,振德医疗,2025-10-20 10:33:46,72.6,4500,72.6,U
sh603301,振德医疗,2025-10-20 10:33:49,72.6,10600,72.6,U
sh603301,振德医疗,2025-10-20 10:34:40,72.78,4900,72.76,U
sh603301,振德医疗,2025-10-20 10:34:52,72.78,7400,72.77,U
sh603301,振德医疗,2025-10-20 10:34:55,72.72,16000,72.78,D
sh603301,振德医疗,2025-10-20 10:35:55,72.6,13700,72.7,D
sh603301,振德医疗,2025-10-20 10:35:58,72.7,6800,72.6,U
sh603301,振德医疗,2025-10-20 10:36:52,72.7,8300,72.7,U
sh603301,振德医疗,2025-10-20 10:36:55,72.75,22570,72.7,U
sh603301,振德医疗,2025-10-20 10:36:58,72.79,3500,72.75,U
sh603301,振德医疗,2025-10-20 10:37:16,72.81,2800,72.8,U
sh603301,振德医疗,2025-10-20 10:37:19,72.8,35200,72.81,E
sh603301,振德医疗,2025-10-20 10:38:31,72.79,25900,72.75,U
sh603301,振德医疗,2025-10-20 10:38:49,72.78,4500,72.78,U
sh603301,振德医疗,2025-10-20 10:39:34,72.71,6600,72.74,D
sh603301,振德医疗,2025-10-20 10:39:43,72.69,22930,72.74,D
sh603301,振德医疗,2025-10-20 10:40:01,72.67,3200,72.69,E
sh603301,振德医疗,2025-10-20 10:40:22,72.7,14400,72.7,U
sh603301,振德医疗,2025-10-20 10:40:34,72.68,24400,72.69,D
sh603301,振德医疗,2025-10-20 10:40:55,72.61,17300,72.6,U
sh603301,振德医疗,2025-10-20 10:42:16,72.57,5600,72.56,U
sh603301,振德医疗,2025-10-20 10:42:19,72.6,11400,72.57,U
sh603301,振德医疗,2025-10-20 10:42:31,72.51,16700,72.58,D
sh603301,振德医疗,2025-10-20 10:42:34,72.57,3900,72.51,U
sh603301,振德医疗,2025-10-20 10:43:43,72.51,9000,72.51,U
sh603301,振德医疗,2025-10-20 10:44:58,72.58,3200,72.58,U
sh603301,振德医疗,2025-10-20 10:45:13,72.6,3000,72.6,U
sh603301,振德医疗,2025-10-20 10:45:28,72.6,3200,72.61,D
sh603301,振德医疗,2025-10-20 10:45:58,72.7,15900,72.69,U
sh603301,振德医疗,2025-10-20 10:46:01,72.7,3800,72.7,U
sh603301,振德医疗,2025-10-20 10:46:04,72.7,33800,72.7,U
sh603301,振德医疗,2025-10-20 10:46:31,72.74,86670,72.68,U
sh603301,振德医疗,2025-10-20 10:46:34,72.77,10800,72.74,U
sh603301,振德医疗,2025-10-20 10:46:49,72.78,5200,72.78,U
sh603301,振德医疗,2025-10-20 10:47:07,72.75,7100,72.76,D
sh603301,振德医疗,2025-10-20 10:48:28,72.77,23230,72.69,U
sh603301,振德医疗,2025-10-20 10:48:31,72.79,10400,72.77,U
sh603301,振德医疗,2025-10-20 10:50:19,72.77,8300,72.73,U
sh603301,振德医疗,2025-10-20 10:50:22,72.76,4900,72.77,D
sh603301,振德医疗,2025-10-20 10:50:58,72.74,4400,72.73,U
sh603301,振德医疗,2025-10-20 10:51:10,72.75,3800,72.72,U
sh603301,振德医疗,2025-10-20 10:51:13,72.8,31900,72.75,U
sh603301,振德医疗,2025-10-20 10:51:16,72.78,5100,72.8,D
sh603301,振德医疗,2025-10-20 10:52:01,72.82,3100,72.81,U
sh603301,振德医疗,2025-10-20 10:52:19,72.8,4100,72.81,D
sh603301,振德医疗,2025-10-20 10:53:01,72.83,6400,72.82,U
sh603301,振德医疗,2025-10-20 10:53:28,72.83,3000,72.84,D
sh603301,振德医疗,2025-10-20 10:53:37,72.85,4300,72.83,U
sh603301,振德医疗,2025-10-20 10:53:46,72.85,7700,72.85,U
sh603301,振德医疗,2025-10-20 10:53:58,72.84,5400,72.85,D
sh603301,振德医疗,2025-10-20 10:54:16,72.83,3300,72.84,D
sh603301,振德医疗,2025-10-20 10:55:34,72.81,3900,72.82,D
sh603301,振德医疗,2025-10-20 10:57:19,72.7,4900,72.69,U
sh603301,振德医疗,2025-10-20 10:57:37,72.73,5800,72.73,U
sh603301,振德医疗,2025-10-20 10:57:49,72.75,9800,72.75,U
sh603301,振德医疗,2025-10-20 10:57:52,72.75,3500,72.75,U
sh603301,振德医疗,2025-10-20 10:59:01,72.72,5300,72.76,D
sh603301,振德医疗,2025-10-20 10:59:16,72.73,3100,72.76,D
sh603301,振德医疗,2025-10-20 10:59:25,72.75,13300,72.73,U
sh603301,振德医疗,2025-10-20 10:59:28,72.76,6300,72.75,U
sh603301,振德医疗,2025-10-20 10:59:31,72.72,3700,72.76,D
sh603301,振德医疗,2025-10-20 11:00:10,72.73,2900,72.73,U
sh603301,振德医疗,2025-10-20 11:00:52,72.66,3500,72.68,D
sh603301,振德医疗,2025-10-20 11:00:55,72.6,18600,72.66,D
sh603301,振德医疗,2025-10-20 11:00:58,72.68,8200,72.6,U
sh603301,振德医疗,2025-10-20 11:01:28,72.6,3900,72.6,D
sh603301,振德医疗,2025-10-20 11:01:58,72.6,4600,72.58,U
sh603301,振德医疗,2025-10-20 11:02:25,72.69,4400,72.64,U
sh603301,振德医疗,2025-10-20 11:02:34,72.71,8100,72.69,U
sh603301,振德医疗,2025-10-20 11:02:52,72.68,3400,72.69,D
sh603301,振德医疗,2025-10-20 11:03:10,72.69,3200,72.69,D
sh603301,振德医疗,2025-10-20 11:03:46,72.68,9600,72.68,U
sh603301,振德医疗,2025-10-20 11:04:07,72.69,5200,72.68,U
sh603301,振德医疗,2025-10-20 11:04:22,72.69,4100,72.69,D
sh603301,振德医疗,2025-10-20 11:04:40,72.69,3200,72.69,E
sh603301,振德医疗,2025-10-20 11:04:58,72.65,15700,72.68,D
sh603301,振德医疗,2025-10-20 11:05:01,72.66,4500,72.65,D
sh603301,振德医疗,2025-10-20 11:05:10,72.61,4900,72.64,D
sh603301,振德医疗,2025-10-20 11:05:55,72.47,8200,72.48,D
sh603301,振德医疗,2025-10-20 11:06:01,72.5,9400,72.47,U
sh603301,振德医疗,2025-10-20 11:06:10,72.48,10900,72.47,E
sh603301,振德医疗,2025-10-20 11:06:25,72.45,11700,72.45,U
sh603301,振德医疗,2025-10-20 11:06:40,72.44,3900,72.43,U
sh603301,振德医疗,2025-10-20 11:06:46,72.4,15954,72.47,D
sh603301,振德医疗,2025-10-20 11:06:55,72.28,6600,72.47,D
sh603301,振德医疗,2025-10-20 11:07:43,72.41,3100,72.33,U
sh603301,振德医疗,2025-10-20 11:07:46,72.33,7700,72.41,D
sh603301,振德医疗,2025-10-20 11:08:01,72.44,18600,72.4,U
sh603301,振德医疗,2025-10-20 11:08:04,72.48,3600,72.44,U
sh603301,振德医疗,2025-10-20 11:08:07,72.57,12200,72.48,U
sh603301,振德医疗,2025-10-20 11:08:10,72.6,7600,72.57,U
sh603301,振德医疗,2025-10-20 11:08:46,72.69,8800,72.62,U
sh603301,振德医疗,2025-10-20 11:08:58,72.72,21600,72.65,U
sh603301,振德医疗,2025-10-20 11:09:04,72.73,4200,72.72,U
sh603301,振德医疗,2025-10-20 11:10:19,72.75,6900,72.66,U
sh603301,振德医疗,2025-10-20 11:10:25,72.77,6000,72.74,U
sh603301,振德医疗,2025-10-20 11:11:31,72.75,4300,72.75,D
sh603301,振德医疗,2025-10-20 11:12:46,72.76,10700,72.74,U
sh603301,振德医疗,2025-10-20 11:12:55,72.77,3200,72.77,U
sh603301,振德医疗,2025-10-20 11:13:04,72.77,6900,72.77,U
sh603301,振德医疗,2025-10-20 11:13:46,72.74,9000,72.77,D
sh603301,振德医疗,2025-10-20 11:14:49,72.72,4600,72.7,U
sh603301,振德医疗,2025-10-20 11:15:07,72.72,3000,72.72,D
sh603301,振德医疗,2025-10-20 11:15:19,72.76,4100,72.73,U
sh603301,振德医疗,2025-10-20 11:15:43,72.72,9200,72.72,D
sh603301,振德医疗,2025-10-20 11:16:07,72.7,3900,72.7,U
sh603301,振德医疗,2025-10-20 11:16:10,72.74,5400,72.7,U
sh603301,振德医疗,2025-10-20 11:17:07,72.69,5000,72.71,D
sh603301,振德医疗,2025-10-20 11:18:40,72.72,3800,72.68,U
sh603301,振德医疗,2025-10-20 11:18:43,72.69,3100,72.72,D
sh603301,振德医疗,2025-10-20 11:18:46,72.7,10700,72.69,D
sh603301,振德医疗,2025-10-20 11:19:10,72.75,5300,72.74,U
sh603301,振德医疗,2025-10-20 11:20:19,72.75,6900,72.73,U
sh603301,振德医疗,2025-10-20 11:20:22,72.78,14700,72.75,U
sh603301,振德医疗,2025-10-20 11:20:49,72.77,11400,72.77,U
sh603301,振德医疗,2025-10-20 11:20:52,72.78,3300,72.77,U
sh603301,振德医疗,2025-10-20 11:21:04,72.77,3900,72.78,D
sh603301,振德医疗,2025-10-20 11:21:25,72.76,2900,72.77,D
sh603301,振德医疗,2025-10-20 11:21:34,72.79,13300,72.76,U
sh603301,振德医疗,2025-10-20 11:22:22,72.78,3600,72.77,U
sh603301,振德医疗,2025-10-20 11:23:16,72.8,18800,72.77,U
sh603301,振德医疗,2025-10-20 11:23:19,72.8,3100,72.8,U
sh603301,振德医疗,2025-10-20 11:24:25,72.79,3000,72.78,U
sh603301,振德医疗,2025-10-20 11:24:28,72.8,2900,72.79,U
sh603301,振德医疗,2025-10-20 11:24:31,72.83,4100,72.8,U
sh603301,振德医疗,2025-10-20 11:24:43,72.88,92000,72.85,U
sh603301,振德医疗,2025-10-20 11:24:46,72.92,31300,72.88,U
sh603301,振德医疗,2025-10-20 11:24:49,72.99,94400,72.92,U
sh603301,振德医疗,2025-10-20 11:24:52,73.01,194200,72.99,U
sh603301,振德医疗,2025-10-20 11:24:55,73.08,9014,73.01,U
sh603301,振德医疗,2025-10-20 11:24:58,73.14,15200,73.08,U
sh603301,振德医疗,2025-10-20 11:25:01,73.2,6300,73.14,U
sh603301,振德医疗,2025-10-20 11:25:04,73.22,5500,73.2,U
sh603301,振德医疗,2025-10-20 11:25:07,73.22,4000,73.22,D
sh603301,振德医疗,2025-10-20 11:25:10,73.33,7500,73.22,U
sh603301,振德医疗,2025-10-20 11:25:13,73.35,9500,73.33,U
sh603301,振德医疗,2025-10-20 11:25:19,73.3,9400,73.34,D
sh603301,振德医疗,2025-10-20 11:25:22,73.22,2800,73.3,D
sh603301,振德医疗,2025-10-20 11:25:31,73.26,8000,73.26,E
sh603301,振德医疗,2025-10-20 11:25:40,73.2,5000,73.2,U
sh603301,振德医疗,2025-10-20 11:26:04,73.16,3000,73.16,U
sh603301,振德医疗,2025-10-20 11:26:13,73.19,13000,73.05,U
sh603301,振德医疗,2025-10-20 11:26:19,73.19,3000,73.2,D
sh603301,振德医疗,2025-10-20 11:26:28,73.28,7000,73.2,U
sh603301,振德医疗,2025-10-20 11:26:31,73.2,3800,73.28,U
sh603301,振德医疗,2025-10-20 11:26:37,73.19,3600,73.18,U
sh603301,振德医疗,2025-10-20 11:26:49,73.18,3200,73.16,E
sh603301,振德医疗,2025-10-20 11:27:55,73.1,30600,73.09,U
sh603301,振德医疗,2025-10-20 11:28:04,73.05,4800,73.09,D
sh603301,振德医疗,2025-10-20 11:28:49,73.01,5200,73.01,U
sh603301,振德医疗,2025-10-20 11:29:01,72.95,4400,73.01,E
sh603301,振德医疗,2025-10-20 11:29:22,72.95,5600,72.95,U
sh603301,振德医疗,2025-10-20 11:29:25,72.92,8900,72.95,E
sh603301,振德医疗,2025-10-20 11:29:40,72.91,3100,72.91,D
sh603301,振德医疗,2025-10-20 13:00:04,72.97,8700,72.92,E
sh603301,振德医疗,2025-10-20 13:00:07,72.96,16200,72.97,E
sh603301,振德医疗,2025-10-20 13:00:10,72.92,26000,72.96,D
sh603301,振德医疗,2025-10-20 13:00:16,72.85,26500,72.96,D
sh603301,振德医疗,2025-10-20 13:00:19,72.73,5100,72.85,D
sh603301,振德医疗,2025-10-20 13:00:22,72.7,10400,72.73,D
sh603301,振德医疗,2025-10-20 13:00:25,72.67,4900,72.7,D
sh603301,振德医疗,2025-10-20 13:00:34,72.66,4200,72.67,D
sh603301,振德医疗,2025-10-20 13:00:37,72.85,6600,72.66,U
sh603301,振德医疗,2025-10-20 13:01:01,72.85,3100,72.85,U
sh603301,振德医疗,2025-10-20 13:01:04,72.84,2800,72.85,D
sh603301,振德医疗,2025-10-20 13:01:28,72.81,8300,72.76,U
sh603301,振德医疗,2025-10-20 13:01:31,72.82,4000,72.81,U
sh603301,振德医疗,2025-10-20 13:01:34,72.76,3300,72.82,D
sh603301,振德医疗,2025-10-20 13:01:43,72.7,2900,72.75,D
sh603301,振德医疗,2025-10-20 13:01:46,72.66,2800,72.7,D
sh603301,振德医疗,2025-10-20 13:01:58,72.66,4000,72.6,U
sh603301,振德医疗,2025-10-20 13:02:10,72.65,16600,72.7,D
sh603301,振德医疗,2025-10-20 13:02:16,72.66,5800,72.65,U
sh603301,振德医疗,2025-10-20 13:02:22,72.65,5400,72.66,D
sh603301,振德医疗,2025-10-20 13:02:28,72.65,19700,72.65,D
sh603301,振德医疗,2025-10-20 13:03:13,72.74,9000,72.75,D
sh603301,振德医疗,2025-10-20 13:03:16,72.84,7700,72.74,U
sh603301,振德医疗,2025-10-20 13:03:19,72.85,16800,72.84,U
sh603301,振德医疗,2025-10-20 13:03:37,72.98,4800,72.96,U
sh603301,振德医疗,2025-10-20 13:03:43,72.98,2800,72.95,U
sh603301,振德医疗,2025-10-20 13:04:25,72.95,3900,72.91,U
sh603301,振德医疗,2025-10-20 13:04:43,72.9,2900,72.91,D
sh603301,振德医疗,2025-10-20 13:05:28,72.89,3700,72.88,U
sh603301,振德医疗,2025-10-20 13:05:31,72.89,8400,72.89,U
sh603301,振德医疗,2025-10-20 13:05:49,72.9,3800,72.9,U
sh603301,振德医疗,2025-10-20 13:06:46,72.91,5200,72.9,D
sh603301,振德医疗,2025-10-20 13:06:49,72.9,2900,72.91,D
sh603301,振德医疗,2025-10-20 13:07:10,72.88,9900,72.91,D
sh603301,振德医疗,2025-10-20 13:07:22,72.91,3700,72.9,U
sh603301,振德医疗,2025-10-20 13:07:46,72.91,5000,72.91,D
sh603301,振德医疗,2025-10-20 13:08:04,72.88,3400,72.88,D
sh603301,振德医疗,2025-10-20 13:08:10,72.9,5900,72.9,D
sh603301,振德医疗,2025-10-20 13:08:40,72.9,14300,72.86,U
sh603301,振德医疗,2025-10-20 13:08:43,72.92,2800,72.9,U
sh603301,振德医疗,2025-10-20 13:09:04,72.92,3100,72.92,U
sh603301,振德医疗,2025-10-20 13:09:07,72.95,13600,72.92,U
sh603301,振德医疗,2025-10-20 13:09:13,72.98,2800,72.97,U
sh603301,振德医疗,2025-10-20 13:09:25,73.0,11500,72.95,U
sh603301,振德医疗,2025-10-20 13:09:37,73.0,6400,73.0,U
sh603301,振德医疗,2025-10-20 13:10:19,73.16,7900,73.04,U
sh603301,振德医疗,2025-10-20 13:10:37,73.14,4800,73.14,U
sh603301,振德医疗,2025-10-20 13:11:04,73.0,16700,72.94,U
sh603301,振德医疗,2025-10-20 13:11:19,72.95,5100,72.9,D
sh603301,振德医疗,2025-10-20 13:11:58,72.95,3500,72.96,D
sh603301,振德医疗,2025-10-20 13:12:13,72.82,41700,73.03,D
sh603301,振德医疗,2025-10-20 13:13:16,73.02,3300,73.02,D
sh603301,振德医疗,2025-10-20 13:15:34,73.0,3400,73.03,D
sh603301,振德医疗,2025-10-20 13:15:49,72.97,15500,73.02,D
sh603301,振德医疗,2025-10-20 13:15:52,72.98,3200,72.97,E
sh603301,振德医疗,2025-10-20 13:15:55,72.96,3400,72.98,D
sh603301,振德医疗,2025-10-20 13:16:01,72.95,59800,72.97,D
sh603301,振德医疗,2025-10-20 13:16:04,72.9,10600,72.95,D
sh603301,振德医疗,2025-10-20 13:16:07,72.9,7400,72.9,D
sh603301,振德医疗,2025-10-20 13:16:10,72.9,10300,72.9,D
sh603301,振德医疗,2025-10-20 13:16:34,72.8,15600,72.9,D
sh603301,振德医疗,2025-10-20 13:17:22,72.8,6800,72.93,D
sh603301,振德医疗,2025-10-20 13:17:37,72.8,7600,72.81,D
sh603301,振德医疗,2025-10-20 13:17:52,72.88,11400,72.81,U
sh603301,振德医疗,2025-10-20 13:18:10,72.95,7000,72.95,U
sh603301,振德医疗,2025-10-20 13:18:37,72.97,6000,72.95,U
sh603301,振德医疗,2025-10-20 13:18:40,73.03,13900,72.97,U
sh603301,振德医疗,2025-10-20 13:18:49,73.03,2800,73.03,U
sh603301,振德医疗,2025-10-20 13:19:25,73.01,2800,73.0,U
sh603301,振德医疗,2025-10-20 13:19:28,73.14,141800,73.01,U
sh603301,振德医疗,2025-10-20 13:19:37,73.18,15700,73.14,U
sh603301,振德医疗,2025-10-20 13:19:40,73.2,45600,73.18,U
sh603301,振德医疗,2025-10-20 13:19:43,73.7,189100,73.2,U
sh603301,振德医疗,2025-10-20 13:20:04,73.8,5200,73.84,D
sh603301,振德医疗,2025-10-20 13:20:10,73.78,7800,73.76,U
sh603301,振德医疗,2025-10-20 13:20:13,73.78,12500,73.78,D
sh603301,振德医疗,2025-10-20 13:20:19,73.8,3800,73.8,U
sh603301,振德医疗,2025-10-20 13:20:22,73.8,11500,73.8,D
sh603301,振德医疗,2025-10-20 13:20:25,73.81,10400,73.8,U
sh603301,振德医疗,2025-10-20 13:20:28,73.8,7000,73.81,D
sh603301,振德医疗,2025-10-20 13:20:31,73.78,11700,73.8,D
sh603301,振德医疗,2025-10-20 13:20:52,73.59,3000,73.59,D
sh603301,振德医疗,2025-10-20 13:21:19,73.67,3500,73.62,U
sh603301,振德医疗,2025-10-20 13:21:25,73.69,3900,73.67,U
sh603301,振德医疗,2025-10-20 13:21:28,73.66,7500,73.69,D
sh603301,振德医疗,2025-10-20 13:21:37,73.66,3600,73.63,E
sh603301,振德医疗,2025-10-20 13:21:58,73.76,17500,73.67,U
sh603301,振德医疗,2025-10-20 13:22:04,73.8,10000,73.76,U
sh603301,振德医疗,2025-10-20 13:22:07,73.81,3700,73.8,U
sh603301,振德医疗,2025-10-20 13:22:10,73.81,3500,73.81,U
sh603301,振德医疗,2025-10-20 13:22:22,73.81,5600,73.82,D
sh603301,振德医疗,2025-10-20 13:22:28,73.8,3500,73.83,D
sh603301,振德医疗,2025-10-20 13:22:43,73.78,3800,73.78,U
sh603301,振德医疗,2025-10-20 13:22:46,73.78,2800,73.78,U
sh603301,振德医疗,2025-10-20 13:23:10,73.85,2900,73.85,D
sh603301,振德医疗,2025-10-20 13:23:13,73.86,5900,73.85,D
sh603301,振德医疗,2025-10-20 13:23:19,73.88,3000,73.88,U
sh603301,振德医疗,2025-10-20 13:23:25,73.89,4700,73.89,D
sh603301,振德医疗,2025-10-20 13:23:34,73.89,16100,73.89,U
sh603301,振德医疗,2025-10-20 13:23:43,73.86,10200,73.88,D
sh603301,振德医疗,2025-10-20 13:23:46,73.86,8800,73.86,D
sh603301,振德医疗,2025-10-20 13:23:52,73.85,3100,73.86,D
sh603301,振德医疗,2025-10-20 13:24:01,73.83,3400,73.83,U
sh603301,振德医疗,2025-10-20 13:24:55,73.75,20100,73.81,D
sh603301,振德医疗,2025-10-20 13:26:25,73.83,3000,73.83,U
sh603301,振德医疗,2025-10-20 13:26:43,73.86,5300,73.86,U
sh603301,振德医疗,2025-10-20 13:27:16,73.85,11200,73.85,U
sh603301,振德医疗,2025-10-20 13:27:28,73.86,5000,73.85,U
sh603301,振德医疗,2025-10-20 13:27:34,73.85,3700,73.86,D
sh603301,振德医疗,2025-10-20 13:27:49,73.86,7700,73.87,D
sh603301,振德医疗,2025-10-20 13:28:16,73.87,7400,73.87,U
sh603301,振德医疗,2025-10-20 13:28:34,73.8,6700,73.86,D
sh603301,振德医疗,2025-10-20 13:28:40,73.78,13400,73.8,D
sh603301,振德医疗,2025-10-20 13:29:01,73.77,3500,73.77,U
sh603301,振德医疗,2025-10-20 13:29:10,73.77,4900,73.77,U
sh603301,振德医疗,2025-10-20 13:29:19,73.76,3300,73.77,D
sh603301,振德医疗,2025-10-20 13:29:58,73.78,5400,73.78,U
sh603301,振德医疗,2025-10-20 13:30:07,73.84,5600,73.83,U
sh603301,振德医疗,2025-10-20 13:30:10,73.85,3300,73.84,U
sh603301,振德医疗,2025-10-20 13:30:16,73.85,6600,73.85,U
sh603301,振德医疗,2025-10-20 13:30:19,73.87,4600,73.85,U
sh603301,振德医疗,2025-10-20 13:30:22,73.87,4814,73.87,U
sh603301,振德医疗,2025-10-20 13:30:25,73.89,4400,73.87,U
sh603301,振德医疗,2025-10-20 13:30:28,73.9,13200,73.89,U
sh603301,振德医疗,2025-10-20 13:30:37,73.97,4100,73.9,U
sh603301,振德医疗,2025-10-20 13:30:43,73.98,22400,73.98,U
sh603301,振德医疗,2025-10-20 13:30:46,73.98,9800,73.98,U
sh603301,振德医疗,2025-10-20 13:30:49,73.98,7400,73.98,U
sh603301,振德医疗,2025-10-20 13:30:55,73.94,3800,73.98,D
sh603301,振德医疗,2025-10-20 13:30:58,73.94,5700,73.94,U
sh603301,振德医疗,2025-10-20 13:31:01,73.94,4800,73.94,U
sh603301,振德医疗,2025-10-20 13:31:04,73.98,17100,73.94,U
sh603301,振德医疗,2025-10-20 13:31:07,73.94,2800,73.98,D
sh603301,振德医疗,2025-10-20 13:31:13,73.98,3000,73.98,U
sh603301,振德医疗,2025-10-20 13:31:22,73.96,15300,73.98,D
sh603301,振德医疗,2025-10-20 13:32:01,73.89,3600,73.94,D
sh603301,振德医疗,2025-10-20 13:32:04,73.9,2900,73.89,U
sh603301,振德医疗,2025-10-20 13:32:43,73.9,22400,73.9,D
sh603301,振德医疗,2025-10-20 13:32:46,73.9,4100,73.9,U
sh603301,振德医疗,2025-10-20 13:33:22,73.81,3000,73.81,D
sh603301,振德医疗,2025-10-20 13:33:25,73.81,3200,73.81,D
sh603301,振德医疗,2025-10-20 13:33:31,73.81,4000,73.83,D
sh603301,振德医疗,2025-10-20 13:34:19,73.81,7200,73.83,D
sh603301,振德医疗,2025-10-20 13:34:31,73.81,5700,73.81,U
sh603301,振德医疗,2025-10-20 13:34:40,73.81,5700,73.81,U
sh603301,振德医疗,2025-10-20 13:34:46,73.8,12900,73.81,D
sh603301,振德医疗,2025-10-20 13:35:31,73.81,5100,73.84,D
sh603301,振德医疗,2025-10-20 13:35:49,73.85,2900,73.84,U
sh603301,振德医疗,2025-10-20 13:37:01,73.91,3200,73.91,U
sh603301,振德医疗,2025-10-20 13:37:07,73.91,7000,73.91,D
sh603301,振德医疗,2025-10-20 13:37:31,73.96,3100,73.95,U
sh603301,振德医疗,2025-10-20 13:37:40,73.98,3500,73.96,U
sh603301,振德医疗,2025-10-20 13:37:46,73.98,3100,73.98,U
sh603301,振德医疗,2025-10-20 13:37:49,73.97,7300,73.98,E
sh603301,振德医疗,2025-10-20 13:37:55,73.96,2800,73.96,D
sh603301,振德医疗,2025-10-20 13:38:01,73.96,3100,73.96,U
sh603301,振德医疗,2025-10-20 13:38:19,73.97,3300,73.97,U
sh603301,振德医疗,2025-10-20 13:38:25,73.97,3100,73.96,U
sh603301,振德医疗,2025-10-20 13:38:37,73.96,4000,73.98,D
sh603301,振德医疗,2025-10-20 13:38:43,73.96,4300,73.98,D
sh603301,振德医疗,2025-10-20 13:38:52,73.96,3300,73.96,U
sh603301,振德医疗,2025-10-20 13:38:58,73.97,3400,73.98,E
sh603301,振德医疗,2025-10-20 13:39:10,73.96,3700,73.97,D
sh603301,振德医疗,2025-10-20 13:39:16,73.96,21400,73.93,U
sh603301,振德医疗,2025-10-20 13:39:19,73.95,4000,73.96,E
sh603301,振德医疗,2025-10-20 13:39:28,73.91,4600,73.91,U
sh603301,振德医疗,2025-10-20 13:40:01,73.86,3200,73.88,D
sh603301,振德医疗,2025-10-20 13:40:19,73.89,4800,73.88,U
sh603301,振德医疗,2025-10-20 13:40:22,73.91,4200,73.89,U
sh603301,振德医疗,2025-10-20 13:40:58,73.97,3200,73.96,U
sh603301,振德医疗,2025-10-20 13:41:07,73.98,3200,73.97,U
sh603301,振德医疗,2025-10-20 13:41:19,73.99,15000,73.98,U
sh603301,振德医疗,2025-10-20 13:41:22,74.0,17900,73.99,U
sh603301,振德医疗,2025-10-20 13:41:28,74.0,5200,74.0,U
sh603301,振德医疗,2025-10-20 13:41:31,74.0,4000,74.0,U
sh603301,振德医疗,2025-10-20 13:41:34,73.99,2800,74.0,D
sh603301,振德医疗,2025-10-20 13:41:37,73.98,5900,73.99,D
sh603301,振德医疗,2025-10-20 13:41:43,73.92,3000,73.98,D
sh603301,振德医疗,2025-10-20 13:42:10,73.99,7600,73.99,U
sh603301,振德医疗,2025-10-20 13:42:22,73.99,5300,73.99,U
sh603301,振德医疗,2025-10-20 13:42:40,74.02,41200,73.99,U
sh603301,振德医疗,2025-10-20 13:42:43,74.08,7800,74.02,U
sh603301,振德医疗,2025-10-20 13:42:58,74.18,12700,74.12,U
sh603301,振德医疗,2025-10-20 13:43:10,74.28,5100,74.28,U
sh603301,振德医疗,2025-10-20 13:43:16,74.29,3700,74.29,U
sh603301,振德医疗,2025-10-20 13:43:19,74.33,2700,74.29,U
sh603301,振德医疗,2025-10-20 13:43:22,74.4,6800,74.33,U
sh603301,振德医疗,2025-10-20 13:43:25,74.4,21800,74.4,U
sh603301,振德医疗,2025-10-20 13:43:28,74.4,9400,74.4,U
sh603301,振德医疗,2025-10-20 13:43:31,74.4,6300,74.4,U
sh603301,振德医疗,2025-10-20 13:43:34,74.4,10500,74.4,U
sh603301,振德医疗,2025-10-20 13:43:37,74.39,8300,74.4,D
sh603301,振德医疗,2025-10-20 13:43:40,74.4,10000,74.39,U
sh603301,振德医疗,2025-10-20 13:43:43,74.39,4800,74.4,E
sh603301,振德医疗,2025-10-20 13:43:46,74.38,5100,74.39,E
sh603301,振德医疗,2025-10-20 13:43:49,74.31,3000,74.38,D
sh603301,振德医疗,2025-10-20 13:43:52,74.27,11400,74.31,D
sh603301,振德医疗,2025-10-20 13:44:04,74.23,6400,74.29,D
sh603301,振德医疗,2025-10-20 13:44:58,74.3,3500,74.3,U
sh603301,振德医疗,2025-10-20 13:45:04,74.3,3400,74.3,U
sh603301,振德医疗,2025-10-20 13:45:22,74.3,5100,74.35,D
sh603301,振德医疗,2025-10-20 13:45:25,74.31,4200,74.3,U
sh603301,振德医疗,2025-10-20 13:45:34,74.29,6100,74.31,D
sh603301,振德医疗,2025-10-20 13:45:37,74.2,6600,74.29,D
sh603301,振德医疗,2025-10-20 13:45:58,74.1,5700,74.17,D
sh603301,振德医疗,2025-10-20 13:46:01,74.09,4600,74.1,D
sh603301,振德医疗,2025-10-20 13:46:04,74.09,8900,74.09,U
sh603301,振德医疗,2025-10-20 13:46:13,74.08,5400,74.09,D
sh603301,振德医疗,2025-10-20 13:46:19,74.08,12100,74.08,U
sh603301,振德医疗,2025-10-20 13:47:07,74.09,3900,74.09,U
sh603301,振德医疗,2025-10-20 13:47:13,74.04,8600,74.09,D
sh603301,振德医疗,2025-10-20 13:47:25,74.03,4600,74.01,U
sh603301,振德医疗,2025-10-20 13:47:31,73.97,26800,74.01,D
sh603301,振德医疗,2025-10-20 13:47:37,73.97,3900,73.99,E
sh603301,振德医疗,2025-10-20 13:47:40,73.98,4100,73.97,U
sh603301,振德医疗,2025-10-20 13:48:19,73.98,3100,73.98,U
sh603301,振德医疗,2025-10-20 13:48:34,73.99,4200,73.99,U
sh603301,振德医疗,2025-10-20 13:48:40,74.01,3000,73.99,U
sh603301,振德医疗,2025-10-20 13:48:43,74.01,8800,74.01,U
sh603301,振德医疗,2025-10-20 13:48:49,74.0,13200,74.01,D
sh603301,振德医疗,2025-10-20 13:48:52,73.99,3600,74.0,D
sh603301,振德医疗,2025-10-20 13:49:07,73.99,3700,73.99,D
sh603301,振德医疗,2025-10-20 13:49:10,74.01,3800,73.99,U
sh603301,振德医疗,2025-10-20 13:49:13,74.01,6400,74.01,U
sh603301,振德医疗,2025-10-20 13:49:16,74.01,5000,74.01,U
sh603301,振德医疗,2025-10-20 13:49:46,73.98,11700,74.06,D
sh603301,振德医疗,2025-10-20 13:50:13,74.02,4000,74.01,U
sh603301,振德医疗,2025-10-20 13:50:19,74.06,14900,74.02,U
sh603301,振德医疗,2025-10-20 13:50:22,74.0,18800,74.06,D
sh603301,振德医疗,2025-10-20 13:50:25,74.0,6500,74.0,U
sh603301,振德医疗,2025-10-20 13:50:31,73.99,4900,73.99,U
sh603301,振德医疗,2025-10-20 13:50:49,73.89,3000,73.92,D
sh603301,振德医疗,2025-10-20 13:51:13,74.0,8700,73.99,U
sh603301,振德医疗,2025-10-20 13:51:28,74.0,5500,73.99,U
sh603301,振德医疗,2025-10-20 13:51:31,74.0,2800,74.0,U
sh603301,振德医疗,2025-10-20 13:52:01,73.98,6800,73.95,E
sh603301,振德医疗,2025-10-20 13:52:07,73.99,21600,73.95,U
sh603301,振德医疗,2025-10-20 13:53:22,73.99,3700,73.99,U
sh603301,振德医疗,2025-10-20 13:53:31,73.99,5600,74.0,U
sh603301,振德医疗,2025-10-20 13:53:37,73.88,11200,73.93,D
sh603301,振德医疗,2025-10-20 13:53:43,73.98,4200,73.97,U
sh603301,振德医疗,2025-10-20 13:53:49,73.99,2800,73.98,U
sh603301,振德医疗,2025-10-20 13:54:01,73.88,5200,73.99,D
sh603301,振德医疗,2025-10-20 13:54:19,73.88,9400,73.96,D
sh603301,振德医疗,2025-10-20 13:54:31,73.85,6300,73.88,D
sh603301,振德医疗,2025-10-20 13:54:46,73.95,10800,73.88,U
sh603301,振德医疗,2025-10-20 13:55:19,73.97,52700,73.97,U
sh603301,振德医疗,2025-10-20 13:55:22,73.97,2800,73.97,U
sh603301,振德医疗,2025-10-20 13:55:28,73.97,3200,73.95,U
sh603301,振德医疗,2025-10-20 13:55:40,73.88,4200,73.95,D
sh603301,振德医疗,2025-10-20 13:55:46,73.95,6200,73.95,U
sh603301,振德医疗,2025-10-20 13:56:43,73.95,4700,73.94,U
sh603301,振德医疗,2025-10-20 13:57:01,73.95,5000,73.96,D
sh603301,振德医疗,2025-10-20 13:57:25,73.96,7500,73.96,U
sh603301,振德医疗,2025-10-20 13:57:28,73.96,3400,73.96,U
sh603301,振德医疗,2025-10-20 13:57:34,73.95,5600,73.95,D
sh603301,振德医疗,2025-10-20 13:57:40,73.96,3000,73.95,U
sh603301,振德医疗,2025-10-20 13:57:43,73.95,5600,73.96,D
sh603301,振德医疗,2025-10-20 13:57:52,73.95,5000,73.95,U
sh603301,振德医疗,2025-10-20 13:58:19,73.99,12600,73.97,U
sh603301,振德医疗,2025-10-20 13:58:46,73.99,2800,74.0,D
sh603301,振德医疗,2025-10-20 13:58:58,74.0,12500,74.0,U
sh603301,振德医疗,2025-10-20 13:59:16,73.98,6900,74.0,D
sh603301,振德医疗,2025-10-20 13:59:22,74.03,10000,74.0,U
sh603301,振德医疗,2025-10-20 13:59:49,74.03,4700,74.03,U
sh603301,振德医疗,2025-10-20 14:00:04,74.04,4700,74.02,U
sh603301,振德医疗,2025-10-20 14:00:16,74.04,4600,74.02,U
sh603301,振德医疗,2025-10-20 14:00:22,74.1,7100,74.08,U
sh603301,振德医疗,2025-10-20 14:00:31,74.1,6100,74.1,U
sh603301,振德医疗,2025-10-20 14:00:46,74.2,10000,74.15,U
sh603301,振德医疗,2025-10-20 14:00:52,74.21,3600,74.25,D
sh603301,振德医疗,2025-10-20 14:01:13,74.3,4500,74.3,U
sh603301,振德医疗,2025-10-20 14:01:22,74.3,4500,74.27,U
sh603301,振德医疗,2025-10-20 14:02:16,74.26,2900,74.28,D
sh603301,振德医疗,2025-10-20 14:02:40,74.06,5800,74.21,D
sh603301,振德医疗,2025-10-20 14:03:43,74.2,4200,74.19,U
sh603301,振德医疗,2025-10-20 14:03:49,74.19,6275,74.19,D
sh603301,振德医疗,2025-10-20 14:04:46,74.17,4700,74.17,D
sh603301,振德医疗,2025-10-20 14:05:07,74.18,2700,74.19,D
sh603301,振德医疗,2025-10-20 14:05:28,74.18,15700,74.18,U
sh603301,振德医疗,2025-10-20 14:05:34,74.19,37700,74.19,U
sh603301,振德医疗,2025-10-20 14:05:49,74.2,4800,74.2,U
sh603301,振德医疗,2025-10-20 14:05:58,74.19,7200,74.19,D
sh603301,振德医疗,2025-10-20 14:06:16,74.17,20800,74.18,D
sh603301,振德医疗,2025-10-20 14:07:28,74.2,7200,74.19,U
sh603301,振德医疗,2025-10-20 14:07:58,74.21,8300,74.22,D
sh603301,振德医疗,2025-10-20 14:08:01,74.22,5600,74.21,U
sh603301,振德医疗,2025-10-20 14:08:16,74.22,3500,74.22,U
sh603301,振德医疗,2025-10-20 14:08:31,74.22,3400,74.22,U
sh603301,振德医疗,2025-10-20 14:09:46,74.27,5500,74.27,D
sh603301,振德医疗,2025-10-20 14:10:01,74.23,5500,74.25,D
sh603301,振德医疗,2025-10-20 14:10:13,74.23,4200,74.23,U
sh603301,振德医疗,2025-10-20 14:10:31,74.15,10300,74.18,D
sh603301,振德医疗,2025-10-20 14:10:34,74.15,4600,74.15,D
sh603301,振德医疗,2025-10-20 14:11:10,74.18,3500,74.18,U
sh603301,振德医疗,2025-10-20 14:11:43,74.23,3200,74.23,U
sh603301,振德医疗,2025-10-20 14:12:16,74.22,3400,74.23,E
sh603301,振德医疗,2025-10-20 14:12:34,74.23,5110,74.23,U
sh603301,振德医疗,2025-10-20 14:12:46,74.25,3100,74.25,U
sh603301,振德医疗,2025-10-20 14:13:07,74.2,11000,74.24,D
sh603301,振德医疗,2025-10-20 14:13:22,74.15,4100,74.2,D
sh603301,振德医疗,2025-10-20 14:13:43,74.19,5000,74.17,U
sh603301,振德医疗,2025-10-20 14:13:55,74.17,6900,74.2,E
sh603301,振德医疗,2025-10-20 14:14:04,74.2,9700,74.19,U
sh603301,振德医疗,2025-10-20 14:14:10,74.19,5100,74.19,D
sh603301,振德医疗,2025-10-20 14:14:22,74.2,3500,74.2,U
sh603301,振德医疗,2025-10-20 14:14:25,74.19,2800,74.2,D
sh603301,振德医疗,2025-10-20 14:15:07,74.21,3000,74.2,U
sh603301,振德医疗,2025-10-20 14:15:22,74.2,7200,74.22,D
sh603301,振德医疗,2025-10-20 14:16:46,74.25,24100,74.25,U
sh603301,振德医疗,2025-10-20 14:17:31,74.23,3000,74.23,U
sh603301,振德医疗,2025-10-20 14:17:46,74.22,8500,74.25,D
sh603301,振德医疗,2025-10-20 14:17:49,74.21,8700,74.22,D
sh603301,振德医疗,2025-10-20 14:18:22,74.2,3000,74.22,D
sh603301,振德医疗,2025-10-20 14:18:46,74.2,10760,74.21,D
sh603301,振德医疗,2025-10-20 14:18:49,74.2,3440,74.2,D
sh603301,振德医疗,2025-10-20 14:20:01,74.2,4100,74.21,D
sh603301,振德医疗,2025-10-20 14:20:22,74.25,6150,74.24,U
sh603301,振德医疗,2025-10-20 14:20:37,74.29,18800,74.28,U
sh603301,振德医疗,2025-10-20 14:20:43,74.28,5700,74.29,D
sh603301,振德医疗,2025-10-20 14:20:58,74.29,7800,74.29,D
sh603301,振德医疗,2025-10-20 14:21:31,74.3,4300,74.3,U
sh603301,振德医疗,2025-10-20 14:21:52,74.31,5400,74.31,U
sh603301,振德医疗,2025-10-20 14:22:13,74.29,2900,74.26,U
sh603301,振德医疗,2025-10-20 14:23:10,74.17,3100,74.19,D
sh603301,振德医疗,2025-10-20 14:23:22,74.15,3900,74.17,D
sh603301,振德医疗,2025-10-20 14:24:10,74.12,4800,74.11,U
sh603301,振德医疗,2025-10-20 14:24:28,74.15,2900,74.13,U
sh603301,振德医疗,2025-10-20 14:24:37,74.15,3100,74.15,U
sh603301,振德医疗,2025-10-20 14:24:40,74.15,2800,74.15,U
sh603301,振德医疗,2025-10-20 14:24:43,74.15,6000,74.15,U
sh603301,振德医疗,2025-10-20 14:25:07,74.19,6500,74.19,U
sh603301,振德医疗,2025-10-20 14:25:13,74.19,5000,74.18,U
sh603301,振德医疗,2025-10-20 14:25:16,74.19,12700,74.19,U
sh603301,振德医疗,2025-10-20 14:25:25,74.19,4200,74.19,U
sh603301,振德医疗,2025-10-20 14:25:58,74.2,3300,74.2,U
sh603301,振德医疗,2025-10-20 14:26:28,74.22,4100,74.28,D
sh603301,振德医疗,2025-10-20 14:27:10,74.28,5100,74.28,U
sh603301,振德医疗,2025-10-20 14:27:31,74.29,15900,74.27,U
sh603301,振德医疗,2025-10-20 14:28:25,74.29,22000,74.29,U
sh603301,振德医疗,2025-10-20 14:28:46,74.3,2800,74.3,U
sh603301,振德医疗,2025-10-20 14:28:55,74.3,3100,74.3,U
sh603301,振德医疗,2025-10-20 14:29:13,74.29,4300,74.3,D
sh603301,振德医疗,2025-10-20 14:29:31,74.3,3200,74.3,U
sh603301,振德医疗,2025-10-20 14:30:10,74.31,4200,74.31,U
sh603301,振德医疗,2025-10-20 14:30:16,74.31,2700,74.3,U
sh603301,振德医疗,2025-10-20 14:30:19,74.31,4900,74.31,U
sh603301,振德医疗,2025-10-20 14:30:22,74.31,4500,74.31,U
sh603301,振德医疗,2025-10-20 14:30:25,74.31,11400,74.31,U
sh603301,振德医疗,2025-10-20 14:30:28,74.31,16200,74.31,U
sh603301,振德医疗,2025-10-20 14:30:31,74.35,3800,74.31,U
sh603301,振德医疗,2025-10-20 14:30:37,74.38,29210,74.35,U
sh603301,振德医疗,2025-10-20 14:30:40,74.35,3600,74.38,D
sh603301,振德医疗,2025-10-20 14:30:46,74.38,4500,74.35,U
sh603301,振德医疗,2025-10-20 14:30:52,74.38,3300,74.38,U
sh603301,振德医疗,2025-10-20 14:31:01,74.39,4400,74.39,U
sh603301,振德医疗,2025-10-20 14:31:04,74.38,14000,74.39,D
sh603301,振德医疗,2025-10-20 14:31:28,74.39,5100,74.39,U
sh603301,振德医疗,2025-10-20 14:31:34,74.4,2700,74.39,U
sh603301,振德医疗,2025-10-20 14:31:37,74.4,3000,74.4,U
sh603301,振德医疗,2025-10-20 14:31:46,74.4,14300,74.4,U
sh603301,振德医疗,2025-10-20 14:32:07,74.44,6600,74.41,U
sh603301,振德医疗,2025-10-20 14:32:10,74.44,4100,74.44,U
sh603301,振德医疗,2025-10-20 14:32:16,74.43,5200,74.43,U
sh603301,振德医疗,2025-10-20 14:32:31,74.44,2900,74.44,U
sh603301,振德医疗,2025-10-20 14:32:34,74.45,42140,74.44,U
sh603301,振德医疗,2025-10-20 14:32:40,74.49,9700,74.46,U
sh603301,振德医疗,2025-10-20 14:32:43,74.49,3200,74.49,U
sh603301,振德医疗,2025-10-20 14:32:49,74.49,6500,74.5,D
sh603301,振德医疗,2025-10-20 14:32:52,74.5,6300,74.49,U
sh603301,振德医疗,2025-10-20 14:32:58,74.5,3500,74.5,U
sh603301,振德医疗,2025-10-20 14:33:01,74.5,9800,74.5,U
sh603301,振德医疗,2025-10-20 14:33:04,74.5,7000,74.5,U
sh603301,振德医疗,2025-10-20 14:33:10,74.5,13100,74.5,U
sh603301,振德医疗,2025-10-20 14:33:13,74.5,25700,74.5,U
sh603301,振德医疗,2025-10-20 14:33:16,74.51,2700,74.5,U
sh603301,振德医疗,2025-10-20 14:33:25,74.55,11200,74.55,U
sh603301,振德医疗,2025-10-20 14:33:31,74.58,3400,74.58,U
sh603301,振德医疗,2025-10-20 14:33:34,74.57,4500,74.58,E
sh603301,振德医疗,2025-10-20 14:33:37,74.56,4500,74.57,E
sh603301,振德医疗,2025-10-20 14:33:40,74.58,3400,74.56,U
sh603301,振德医疗,2025-10-20 14:33:43,74.6,7700,74.58,U
sh603301,振德医疗,2025-10-20 14:33:49,74.53,27300,74.59,D
sh603301,振德医疗,2025-10-20 14:33:52,74.58,7300,74.53,U
sh603301,振德医疗,2025-10-20 14:34:01,74.51,19500,74.58,D
sh603301,振德医疗,2025-10-20 14:34:04,74.53,30800,74.51,E
sh603301,振德医疗,2025-10-20 14:34:07,74.46,6700,74.53,D
sh603301,振德医疗,2025-10-20 14:34:10,74.51,5800,74.46,U
sh603301,振德医疗,2025-10-20 14:34:13,74.51,4200,74.51,U
sh603301,振德医疗,2025-10-20 14:34:22,74.51,9100,74.45,U
sh603301,振德医疗,2025-10-20 14:34:34,74.56,19700,74.52,U
sh603301,振德医疗,2025-10-20 14:34:40,74.58,3100,74.56,U
sh603301,振德医疗,2025-10-20 14:34:55,74.6,7200,74.6,U
sh603301,振德医疗,2025-10-20 14:34:58,74.6,3400,74.6,U
sh603301,振德医疗,2025-10-20 14:35:01,74.6,7200,74.6,U
sh603301,振德医疗,2025-10-20 14:35:07,74.54,13500,74.59,D
sh603301,振德医疗,2025-10-20 14:35:13,74.52,5300,74.55,D
sh603301,振德医疗,2025-10-20 14:35:16,74.5,5000,74.52,D
sh603301,振德医疗,2025-10-20 14:35:22,74.51,4100,74.51,U
sh603301,振德医疗,2025-10-20 14:35:49,74.53,2900,74.55,D
sh603301,振德医疗,2025-10-20 14:35:52,74.53,3100,74.53,U
sh603301,振德医疗,2025-10-20 14:36:19,74.52,9300,74.53,D
sh603301,振德医疗,2025-10-20 14:36:22,74.52,3000,74.52,D
sh603301,振德医疗,2025-10-20 14:36:34,74.53,3500,74.53,U
sh603301,振德医疗,2025-10-20 14:36:37,74.52,11400,74.53,D
sh603301,振德医疗,2025-10-20 14:36:43,74.5,24900,74.53,D
sh603301,振德医疗,2025-10-20 14:36:46,74.46,5300,74.5,D
sh603301,振德医疗,2025-10-20 14:36:58,74.45,3300,74.46,D
sh603301,振德医疗,2025-10-20 14:37:01,74.46,3000,74.45,U
sh603301,振德医疗,2025-10-20 14:37:13,74.41,18860,74.45,D
sh603301,振德医疗,2025-10-20 14:37:16,74.37,5800,74.41,D
sh603301,振德医疗,2025-10-20 14:37:31,74.29,4500,74.38,D
sh603301,振德医疗,2025-10-20 14:37:34,74.29,4200,74.29,U
sh603301,振德医疗,2025-10-20 14:37:43,74.29,4200,74.29,U
sh603301,振德医疗,2025-10-20 14:37:46,74.23,5900,74.29,D
sh603301,振德医疗,2025-10-20 14:37:58,74.19,3500,74.2,D
sh603301,振德医疗,2025-10-20 14:38:10,74.18,3000,74.18,D
sh603301,振德医疗,2025-10-20 14:38:22,74.11,3500,74.11,D
sh603301,振德医疗,2025-10-20 14:38:28,74.1,3400,74.11,D
sh603301,振德医疗,2025-10-20 14:38:37,74.03,3200,74.1,D
sh603301,振德医疗,2025-10-20 14:38:40,74.02,3400,74.03,D
sh603301,振德医疗,2025-10-20 14:38:43,73.95,19300,74.02,D
sh603301,振德医疗,2025-10-20 14:38:46,73.94,3700,73.95,E
sh603301,振德医疗,2025-10-20 14:38:55,73.81,11600,73.87,D
sh603301,振德医疗,2025-10-20 14:38:58,73.78,7700,73.81,D
sh603301,振德医疗,2025-10-20 14:39:04,73.76,6600,73.76,D
sh603301,振德医疗,2025-10-20 14:39:07,73.74,7200,73.76,D
sh603301,振德医疗,2025-10-20 14:39:13,73.7,6800,73.74,D
sh603301,振德医疗,2025-10-20 14:39:37,73.5,4200,73.59,D
sh603301,振德医疗,2025-10-20 14:39:49,73.49,3900,73.49,U
sh603301,振德医疗,2025-10-20 14:39:52,73.48,4700,73.49,D
sh603301,振德医疗,2025-10-20 14:39:55,73.46,4800,73.48,D
sh603301,振德医疗,2025-10-20 14:39:58,73.33,36700,73.46,D
sh603301,振德医疗,2025-10-20 14:40:01,73.48,4500,73.33,U
sh603301,振德医疗,2025-10-20 14:40:04,73.71,16800,73.48,U
sh603301,振德医疗,2025-10-20 14:40:07,73.8,12800,73.71,U
sh603301,振德医疗,2025-10-20 14:40:10,73.89,7700,73.8,U
sh603301,振德医疗,2025-10-20 14:40:28,74.05,4100,74.05,U
sh603301,振德医疗,2025-10-20 14:40:31,74.07,26100,74.05,U
sh603301,振德医疗,2025-10-20 14:40:46,73.85,26700,74.08,D
sh603301,振德医疗,2025-10-20 14:41:01,73.82,3800,73.82,D
sh603301,振德医疗,2025-10-20 14:41:04,73.82,9000,73.82,D
sh603301,振德医疗,2025-10-20 14:41:07,73.82,5800,73.82,U
sh603301,振德医疗,2025-10-20 14:41:10,73.8,3700,73.82,D
sh603301,振德医疗,2025-10-20 14:41:19,73.75,8300,73.79,D
sh603301,振德医疗,2025-10-20 14:41:28,73.7,4100,73.75,D
sh603301,振德医疗,2025-10-20 14:41:43,73.6,7400,73.6,U
sh603301,振德医疗,2025-10-20 14:41:46,73.65,11800,73.6,U
sh603301,振德医疗,2025-10-20 14:41:49,73.65,9900,73.65,D
sh603301,振德医疗,2025-10-20 14:41:52,73.66,6300,73.65,U
sh603301,振德医疗,2025-10-20 14:41:55,73.7,16500,73.66,U
sh603301,振德医疗,2025-10-20 14:41:58,73.66,4900,73.7,D
sh603301,振德医疗,2025-10-20 14:42:01,73.7,8200,73.66,U
sh603301,振德医疗,2025-10-20 14:42:04,73.7,14400,73.7,U
sh603301,振德医疗,2025-10-20 14:42:07,73.7,3400,73.7,U
sh603301,振德医疗,2025-10-20 14:42:10,73.65,15500,73.7,D
sh603301,振德医疗,2025-10-20 14:42:16,73.6,16800,73.68,D
sh603301,振德医疗,2025-10-20 14:42:25,73.6,13000,73.6,D
sh603301,振德医疗,2025-10-20 14:42:31,73.55,5500,73.6,D
sh603301,振德医疗,2025-10-20 14:42:43,73.5,5500,73.54,D
sh603301,振德医疗,2025-10-20 14:42:46,73.54,12300,73.5,U
sh603301,振德医疗,2025-10-20 14:42:49,73.52,16900,73.54,D
sh603301,振德医疗,2025-10-20 14:42:52,73.45,6800,73.52,D
sh603301,振德医疗,2025-10-20 14:42:58,73.45,9800,73.45,U
sh603301,振德医疗,2025-10-20 14:43:01,73.4,12200,73.45,D
sh603301,振德医疗,2025-10-20 14:43:07,73.43,24400,73.4,U
sh603301,振德医疗,2025-10-20 14:43:10,73.4,10600,73.43,D
sh603301,振德医疗,2025-10-20 14:43:16,73.37,6300,73.43,D
sh603301,振德医疗,2025-10-20 14:43:22,73.38,2900,73.37,U
sh603301,振德医疗,2025-10-20 14:43:31,73.36,13600,73.38,D
sh603301,振德医疗,2025-10-20 14:43:40,73.3,21800,73.31,D
sh603301,振德医疗,2025-10-20 14:43:43,73.29,5000,73.3,D
sh603301,振德医疗,2025-10-20 14:43:46,73.28,4500,73.29,D
sh603301,振德医疗,2025-10-20 14:43:49,73.29,7100,73.28,U
sh603301,振德医疗,2025-10-20 14:43:52,73.2,10200,73.29,D
sh603301,振德医疗,2025-10-20 14:43:55,73.2,3600,73.2,D
sh603301,振德医疗,2025-10-20 14:43:58,73.2,9200,73.2,D
sh603301,振德医疗,2025-10-20 14:44:01,73.2,5000,73.2,D
sh603301,振德医疗,2025-10-20 14:44:04,73.2,35400,73.2,D
sh603301,振德医疗,2025-10-20 14:44:07,73.19,7000,73.2,D
sh603301,振德医疗,2025-10-20 14:44:10,73.15,4000,73.19,E
sh603301,振德医疗,2025-10-20 14:44:22,73.07,37500,73.07,U
sh603301,振德医疗,2025-10-20 14:44:25,73.05,15200,73.07,E
sh603301,振德医疗,2025-10-20 14:44:28,73.04,7700,73.05,E
sh603301,振德医疗,2025-10-20 14:44:31,73.04,4000,73.04,U
sh603301,振德医疗,2025-10-20 14:44:34,73.03,16300,73.04,D
sh603301,振德医疗,2025-10-20 14:44:37,73.02,12100,73.03,D
sh603301,振德医疗,2025-10-20 14:44:40,73.0,14200,73.02,D
sh603301,振德医疗,2025-10-20 14:44:43,73.02,6200,73.0,U
sh603301,振德医疗,2025-10-20 14:44:46,73.03,36200,73.02,U
sh603301,振德医疗,2025-10-20 14:44:49,73.02,28400,73.03,E
sh603301,振德医疗,2025-10-20 14:44:52,73.09,5000,73.02,E
sh603301,振德医疗,2025-10-20 14:44:55,73.19,33400,73.09,U
sh603301,振德医疗,2025-10-20 14:44:58,73.02,6300,73.19,D
sh603301,振德医疗,2025-10-20 14:45:04,73.25,57100,73.19,U
sh603301,振德医疗,2025-10-20 14:45:07,73.26,5000,73.25,U
sh603301,振德医疗,2025-10-20 14:45:10,73.19,4100,73.26,D
sh603301,振德医疗,2025-10-20 14:45:16,73.26,21500,73.26,D
sh603301,振德医疗,2025-10-20 14:45:25,73.3,28200,73.29,U
sh603301,振德医疗,2025-10-20 14:45:31,73.2,17000,73.29,D
sh603301,振德医疗,2025-10-20 14:45:34,73.2,6300,73.2,U
sh603301,振德医疗,2025-10-20 14:45:37,73.18,5500,73.2,D
sh603301,振德医疗,2025-10-20 14:45:40,73.11,4500,73.18,D
sh603301,振德医疗,2025-10-20 14:45:49,73.0,56600,73.09,D
sh603301,振德医疗,2025-10-20 14:45:58,73.08,38800,73.05,U
sh603301,振德医疗,2025-10-20 14:46:04,73.15,4700,73.09,U
sh603301,振德医疗,2025-10-20 14:46:07,73.19,37900,73.15,U
sh603301,振德医疗,2025-10-20 14:46:10,73.1,33700,73.19,D
sh603301,振德医疗,2025-10-20 14:46:19,73.11,8200,73.19,D
sh603301,振德医疗,2025-10-20 14:46:22,73.11,23800,73.11,U
sh603301,振德医疗,2025-10-20 14:46:25,73.11,3200,73.11,U
sh603301,振德医疗,2025-10-20 14:46:31,73.2,43400,73.15,U
sh603301,振德医疗,2025-10-20 14:46:34,73.26,14100,73.2,U
sh603301,振德医疗,2025-10-20 14:46:37,73.34,14200,73.26,U
sh603301,振德医疗,2025-10-20 14:46:40,73.34,35600,73.34,U
sh603301,振德医疗,2025-10-20 14:46:43,73.36,11600,73.34,U
sh603301,振德医疗,2025-10-20 14:46:46,73.4,5600,73.36,U
sh603301,振德医疗,2025-10-20 14:46:49,73.28,25200,73.4,D
sh603301,振德医疗,2025-10-20 14:46:55,73.36,35100,73.41,D
sh603301,振德医疗,2025-10-20 14:47:01,73.28,4900,73.41,D
sh603301,振德医疗,2025-10-20 14:47:10,73.25,26900,73.25,U
sh603301,振德医疗,2025-10-20 14:47:13,73.4,28800,73.25,U
sh603301,振德医疗,2025-10-20 14:47:16,73.22,32300,73.4,D
sh603301,振德医疗,2025-10-20 14:47:19,73.21,10300,73.22,D
sh603301,振德医疗,2025-10-20 14:47:31,73.25,24100,73.25,U
sh603301,振德医疗,2025-10-20 14:47:34,73.2,4000,73.25,E
sh603301,振德医疗,2025-10-20 14:47:40,73.2,38400,73.19,U
sh603301,振德医疗,2025-10-20 14:47:43,73.22,21600,73.2,U
sh603301,振德医疗,2025-10-20 14:47:46,73.25,24500,73.22,U
sh603301,振德医疗,2025-10-20 14:47:49,73.2,54900,73.25,D
sh603301,振德医疗,2025-10-20 14:47:52,73.2,7000,73.2,U
sh603301,振德医疗,2025-10-20 14:47:55,73.25,52500,73.2,U
sh603301,振德医疗,2025-10-20 14:48:01,73.23,4000,73.22,D
sh603301,振德医疗,2025-10-20 14:48:07,73.36,4500,73.28,U
sh603301,振德医疗,2025-10-20 14:48:16,73.4,8800,73.3,U
sh603301,振德医疗,2025-10-20 14:48:25,73.52,38700,73.5,U
sh603301,振德医疗,2025-10-20 14:48:31,73.36,9500,73.54,D
sh603301,振德医疗,2025-10-20 14:48:34,73.36,4700,73.36,U
sh603301,振德医疗,2025-10-20 14:48:40,73.3,7100,73.31,D
sh603301,振德医疗,2025-10-20 14:48:43,73.25,15700,73.3,D
sh603301,振德医疗,2025-10-20 14:48:46,73.25,17700,73.25,D
sh603301,振德医疗,2025-10-20 14:48:49,73.21,16200,73.25,U
sh603301,振德医疗,2025-10-20 14:48:52,73.21,3600,73.21,U
sh603301,振德医疗,2025-10-20 14:48:55,73.15,67800,73.21,D
sh603301,振德医疗,2025-10-20 14:49:01,73.16,6600,73.2,D
sh603301,振德医疗,2025-10-20 14:49:07,73.16,9700,73.16,U
sh603301,振德医疗,2025-10-20 14:49:10,73.15,10400,73.16,D
sh603301,振德医疗,2025-10-20 14:49:16,73.11,49700,73.17,D
sh603301,振德医疗,2025-10-20 14:49:22,73.11,4100,73.11,U
sh603301,振德医疗,2025-10-20 14:49:25,73.16,12100,73.11,U
sh603301,振德医疗,2025-10-20 14:49:31,73.15,3900,73.17,D
sh603301,振德医疗,2025-10-20 14:49:37,73.16,7200,73.16,U
sh603301,振德医疗,2025-10-20 14:49:40,73.16,14100,73.16,D
sh603301,振德医疗,2025-10-20 14:49:43,73.16,10400,73.16,D
sh603301,振德医疗,2025-10-20 14:49:46,73.13,13800,73.16,D
sh603301,振德医疗,2025-10-20 14:49:55,73.12,35000,73.13,D
sh603301,振德医疗,2025-10-20 14:49:58,73.13,8400,73.12,U
sh603301,振德医疗,2025-10-20 14:50:04,73.13,7500,73.14,D
sh603301,振德医疗,2025-10-20 14:50:07,73.13,29600,73.13,D
sh603301,振德医疗,2025-10-20 14:50:10,73.13,51900,73.13,U
sh603301,振德医疗,2025-10-20 14:50:13,73.26,11100,73.13,U
sh603301,振德医疗,2025-10-20 14:50:16,73.3,3000,73.26,U
sh603301,振德医疗,2025-10-20 14:50:22,73.3,11400,73.27,U
sh603301,振德医疗,2025-10-20 14:50:25,73.23,36700,73.3,D
sh603301,振德医疗,2025-10-20 14:50:31,73.15,13900,73.25,D
sh603301,振德医疗,2025-10-20 14:50:34,73.12,14800,73.15,D
sh603301,振德医疗,2025-10-20 14:50:37,73.11,124500,73.12,D
sh603301,振德医疗,2025-10-20 14:50:40,73.13,78700,73.11,U
sh603301,振德医疗,2025-10-20 14:50:43,73.1,5100,73.13,U
sh603301,振德医疗,2025-10-20 14:50:46,73.1,31300,73.1,D
sh603301,振德医疗,2025-10-20 14:50:49,73.1,14900,73.1,U
sh603301,振德医疗,2025-10-20 14:50:52,73.1,4200,73.1,U
sh603301,振德医疗,2025-10-20 14:50:55,73.04,21800,73.1,D
sh603301,振德医疗,2025-10-20 14:50:58,73.03,8700,73.04,D
sh603301,振德医疗,2025-10-20 14:51:01,73.01,24500,73.03,D
sh603301,振德医疗,2025-10-20 14:51:04,73.02,16200,73.01,U
sh603301,振德医疗,2025-10-20 14:51:07,73.02,32400,73.02,U
sh603301,振德医疗,2025-10-20 14:51:10,73.01,48800,73.02,D
sh603301,振德医疗,2025-10-20 14:51:13,72.95,30800,73.01,D
sh603301,振德医疗,2025-10-20 14:51:16,72.95,18500,72.95,D
sh603301,振德医疗,2025-10-20 14:51:19,73.0,65000,72.95,U
sh603301,振德医疗,2025-10-20 14:51:22,72.9,35200,73.0,D
sh603301,振德医疗,2025-10-20 14:51:25,72.87,7600,72.9,D
sh603301,振德医疗,2025-10-20 14:51:31,72.87,31500,72.87,D
sh603301,振德医疗,2025-10-20 14:51:37,72.83,63500,72.87,D
sh603301,振德医疗,2025-10-20 14:51:43,72.76,26200,72.81,D
sh603301,振德医疗,2025-10-20 14:51:46,72.66,20700,72.76,D
sh603301,振德医疗,2025-10-20 14:51:49,72.7,47400,72.66,E
sh603301,振德医疗,2025-10-20 14:51:52,72.65,14000,72.7,D
sh603301,振德医疗,2025-10-20 14:51:55,72.66,108100,72.65,U
sh603301,振德医疗,2025-10-20 14:51:58,72.65,7300,72.66,E
sh603301,振德医疗,2025-10-20 14:52:01,72.6,28900,72.65,D
sh603301,振德医疗,2025-10-20 14:52:04,72.59,48100,72.6,E
sh603301,振德医疗,2025-10-20 14:52:07,72.56,63200,72.59,U
sh603301,振德医疗,2025-10-20 14:52:10,72.55,13900,72.56,D
sh603301,振德医疗,2025-10-20 14:52:13,72.5,27600,72.55,D
sh603301,振德医疗,2025-10-20 14:52:16,72.55,88100,72.5,U
sh603301,振德医疗,2025-10-20 14:52:19,72.55,58900,72.55,U
sh603301,振德医疗,2025-10-20 14:52:22,72.52,13300,72.55,D
sh603301,振德医疗,2025-10-20 14:52:25,72.55,5900,72.52,U
sh603301,振德医疗,2025-10-20 14:52:28,72.52,27900,72.55,D
sh603301,振德医疗,2025-10-20 14:52:31,72.51,15600,72.52,D
sh603301,振德医疗,2025-10-20 14:52:37,72.52,80900,72.52,D
sh603301,振德医疗,2025-10-20 14:52:40,72.52,61200,72.52,U
sh603301,振德医疗,2025-10-20 14:52:43,72.51,76500,72.52,D
sh603301,振德医疗,2025-10-20 14:52:46,72.55,17600,72.51,U
sh603301,振德医疗,2025-10-20 14:52:49,72.55,34900,72.55,U
sh603301,振德医疗,2025-10-20 14:52:52,72.54,37300,72.55,E
sh603301,振德医疗,2025-10-20 14:52:55,72.55,20800,72.54,U
sh603301,振德医疗,2025-10-20 14:52:58,72.55,80839,72.55,D
sh603301,振德医疗,2025-10-20 14:53:01,72.56,18700,72.55,U
sh603301,振德医疗,2025-10-20 14:53:04,72.59,162800,72.56,U
sh603301,振德医疗,2025-10-20 14:53:07,72.58,5500,72.59,D
sh603301,振德医疗,2025-10-20 14:53:10,72.7,23400,72.58,U
sh603301,振德医疗,2025-10-20 14:53:13,72.81,37900,72.7,U
sh603301,振德医疗,2025-10-20 14:53:16,72.9,23900,72.81,U
sh603301,振德医疗,2025-10-20 14:53:19,72.9,70100,72.9,U
sh603301,振德医疗,2025-10-20 14:53:22,72.81,8300,72.9,D
sh603301,振德医疗,2025-10-20 14:53:25,72.75,23300,72.81,E
sh603301,振德医疗,2025-10-20 14:53:28,72.59,40400,72.75,D
sh603301,振德医疗,2025-10-20 14:53:31,72.75,63100,72.59,U
sh603301,振德医疗,2025-10-20 14:53:34,72.59,5900,72.75,D
sh603301,振德医疗,2025-10-20 14:53:37,72.59,145000,72.59,U
sh603301,振德医疗,2025-10-20 14:53:40,72.58,19600,72.59,D
sh603301,振德医疗,2025-10-20 14:53:43,72.58,7300,72.58,U
sh603301,振德医疗,2025-10-20 14:53:46,72.51,56500,72.58,D
sh603301,振德医疗,2025-10-20 14:53:49,72.51,6800,72.51,U
sh603301,振德医疗,2025-10-20 14:53:52,72.51,178100,72.51,U
sh603301,振德医疗,2025-10-20 14:53:55,72.5,69700,72.51,D
sh603301,振德医疗,2025-10-20 14:53:58,72.5,143600,72.5,D
sh603301,振德医疗,2025-10-20 14:54:01,72.5,163600,72.5,D
sh603301,振德医疗,2025-10-20 14:54:04,72.51,39600,72.5,U
sh603301,振德医疗,2025-10-20 14:54:07,72.59,6100,72.51,U
sh603301,振德医疗,2025-10-20 14:54:10,72.59,106300,72.59,U
sh603301,振德医疗,2025-10-20 14:54:13,72.5,92300,72.59,D
sh603301,振德医疗,2025-10-20 14:54:16,72.5,12861,72.5,D
sh603301,振德医疗,2025-10-20 14:54:19,72.49,9700,72.5,D
sh603301,振德医疗,2025-10-20 14:54:22,72.45,28300,72.49,D
sh603301,振德医疗,2025-10-20 14:54:25,72.45,15600,72.45,U
sh603301,振德医疗,2025-10-20 14:54:28,72.44,53500,72.45,D
sh603301,振德医疗,2025-10-20 14:54:31,72.44,4300,72.44,U
sh603301,振德医疗,2025-10-20 14:54:34,72.44,49400,72.44,U
sh603301,振德医疗,2025-10-20 14:54:37,72.44,34700,72.44,U
sh603301,振德医疗,2025-10-20 14:54:40,72.41,3800,72.44,U
sh603301,振德医疗,2025-10-20 14:54:43,72.38,13500,72.41,D
sh603301,振德医疗,2025-10-20 14:54:46,72.31,102000,72.38,D
sh603301,振德医疗,2025-10-20 14:54:52,72.16,3900,72.3,D
sh603301,振德医疗,2025-10-20 14:54:55,72.16,3400,72.16,D
sh603301,振德医疗,2025-10-20 14:54:58,72.15,60000,72.16,D
sh603301,振德医疗,2025-10-20 14:55:01,72.16,56800,72.15,U
sh603301,振德医疗,2025-10-20 14:55:04,72.33,210939,72.16,U
sh603301,振德医疗,2025-10-20 14:55:07,72.27,107200,72.33,D
sh603301,振德医疗,2025-10-20 14:55:10,72.33,141500,72.27,D
sh603301,振德医疗,2025-10-20 14:55:13,72.36,3200,72.33,E
sh603301,振德医疗,2025-10-20 14:55:16,72.44,13700,72.36,U
sh603301,振德医疗,2025-10-20 14:55:19,72.36,23400,72.44,D
sh603301,振德医疗,2025-10-20 14:55:22,72.43,105900,72.36,U
sh603301,振德医疗,2025-10-20 14:55:25,72.59,35200,72.43,U
sh603301,振德医疗,2025-10-20 14:55:28,72.45,72600,72.59,D
sh603301,振德医疗,2025-10-20 14:55:31,72.74,22400,72.45,U
sh603301,振德医疗,2025-10-20 14:55:34,72.78,77400,72.74,U
sh603301,振德医疗,2025-10-20 14:55:37,72.16,153700,72.78,D
sh603301,振德医疗,2025-10-20 14:55:40,72.86,22000,72.16,E
sh603301,振德医疗,2025-10-20 14:55:43,72.77,33600,72.86,E
sh603301,振德医疗,2025-10-20 14:55:46,72.74,30800,72.77,D
sh603301,振德医疗,2025-10-20 14:55:49,72.74,10500,72.74,U
sh603301,振德医疗,2025-10-20 14:55:52,72.74,3000,72.74,U
sh603301,振德医疗,2025-10-20 14:55:55,72.74,9000,72.74,U
sh603301,振德医疗,2025-10-20 14:55:58,72.55,106500,72.74,D
sh603301,振德医疗,2025-10-20 14:56:01,72.5,8300,72.55,E
sh603301,振德医疗,2025-10-20 14:56:04,72.28,6800,72.5,D
sh603301,振德医疗,2025-10-20 14:56:07,72.29,4400,72.28,D
sh603301,振德医疗,2025-10-20 14:56:10,72.18,6000,72.29,D
sh603301,振德医疗,2025-10-20 14:56:13,72.2,128500,72.18,U
sh603301,振德医疗,2025-10-20 14:56:16,72.2,6900,72.2,U
sh603301,振德医疗,2025-10-20 14:56:19,72.2,41100,72.2,U
sh603301,振德医疗,2025-10-20 14:56:22,72.2,86600,72.2,D
sh603301,振德医疗,2025-10-20 14:56:25,72.0,93161,72.2,D
sh603301,振德医疗,2025-10-20 14:56:28,72.28,22239,72.0,U
sh603301,振德医疗,2025-10-20 14:56:31,72.1,19361,72.28,D
sh603301,振德医疗,2025-10-20 14:56:34,72.1,7739,72.1,U
sh603301,振德医疗,2025-10-20 14:56:37,71.96,57261,72.1,D
sh603301,振德医疗,2025-10-20 14:56:40,72.1,56439,71.96,U
sh603301,振德医疗,2025-10-20 14:56:43,72.11,6800,72.1,U
sh603301,振德医疗,2025-10-20 14:56:46,72.29,19600,72.11,U
sh603301,振德医疗,2025-10-20 14:56:49,71.91,72461,72.29,D
sh603301,振德医疗,2025-10-20 14:56:52,71.91,16700,71.91,U
sh603301,振德医疗,2025-10-20 14:56:55,71.96,22800,71.91,U
sh603301,振德医疗,2025-10-20 14:56:58,71.9,25000,71.96,D
sh603301,振德医疗,2025-10-20 14:57:01,71.9,31000,71.9,U
sh603301,振德医疗,2025-10-20 15:00:01,71.96,290900,71.9,U
