symbol,name,ticktime,price,volume,prev_price,kind
sh603301,振德医疗,2025-09-29 09:25:00,42.68,46100,0.0,U
sh603301,振德医疗,2025-09-29 09:30:05,42.68,16000,42.68,U
sh603301,振德医疗,2025-09-29 09:30:08,42.26,10900,42.68,D
sh603301,振德医疗,2025-09-29 09:30:17,42.45,28600,42.58,D
sh603301,振德医疗,2025-09-29 09:30:23,42.38,9900,42.4,D
sh603301,振德医疗,2025-09-29 09:30:26,42.15,9300,42.38,D
sh603301,振德医疗,2025-09-29 09:30:29,42.03,32900,42.15,D
sh603301,振德医疗,2025-09-29 09:30:32,42.02,43400,42.03,E
sh603301,振德医疗,2025-09-29 09:30:38,41.95,9600,41.95,D
sh603301,振德医疗,2025-09-29 09:30:41,41.9,14500,41.95,D
sh603301,振德医疗,2025-09-29 09:30:44,42.0,18800,41.9,U
sh603301,振德医疗,2025-09-29 09:30:47,42.0,6100,42.0,E
sh603301,振德医疗,2025-09-29 09:30:50,41.99,13100,42.0,E
sh603301,振德医疗,2025-09-29 09:30:53,42.0,7200,41.99,U
sh603301,振德医疗,2025-09-29 09:30:56,42.0,5400,42.0,U
sh603301,振德医疗,2025-09-29 09:30:59,42.01,9400,42.0,U
sh603301,振德医疗,2025-09-29 09:31:14,42.15,6600,42.14,U
sh603301,振德医疗,2025-09-29 09:31:23,42.23,8600,42.25,D
sh603301,振德医疗,2025-09-29 09:31:29,42.23,23200,42.23,U
sh603301,振德医疗,2025-09-29 09:31:47,42.25,17500,42.31,D
sh603301,振德医疗,2025-09-29 09:31:50,42.25,9300,42.25,U
sh603301,振德医疗,2025-09-29 09:31:53,42.24,20300,42.25,D
sh603301,振德医疗,2025-09-29 09:32:05,42.26,9600,42.3,D
sh603301,振德医疗,2025-09-29 09:32:08,42.3,8900,42.26,U
sh603301,振德医疗,2025-09-29 09:32:14,42.3,10600,42.3,U
sh603301,振德医疗,2025-09-29 09:32:23,42.32,5800,42.3,U
sh603301,振德医疗,2025-09-29 09:32:29,42.26,22400,42.33,D
sh603301,振德医疗,2025-09-29 09:32:32,42.26,7900,42.26,D
sh603301,振德医疗,2025-09-29 09:32:38,42.31,6800,42.24,U
sh603301,振德医疗,2025-09-29 09:32:41,42.33,9900,42.31,U
sh603301,振德医疗,2025-09-29 09:32:56,42.37,5400,42.3,U
sh603301,振德医疗,2025-09-29 09:33:02,42.57,43700,42.38,U
sh603301,振德医疗,2025-09-29 09:33:20,42.66,6900,42.61,U
sh603301,振德医疗,2025-09-29 09:33:26,42.68,8200,42.66,U
sh603301,振德医疗,2025-09-29 09:33:29,42.68,7000,42.68,U
sh603301,振德医疗,2025-09-29 09:33:32,42.67,8400,42.68,D
sh603301,振德医疗,2025-09-29 09:33:44,42.71,5200,42.74,D
sh603301,振德医疗,2025-09-29 09:34:02,42.79,7000,42.8,D
sh603301,振德医疗,2025-09-29 09:34:17,42.76,6200,42.76,U
sh603301,振德医疗,2025-09-29 09:34:20,42.95,10714,42.76,U
sh603301,振德医疗,2025-09-29 09:34:29,42.95,4900,42.93,U
sh603301,振德医疗,2025-09-29 09:34:35,43.09,9000,42.99,U
sh603301,振德医疗,2025-09-29 09:34:38,43.13,10500,43.09,U
sh603301,振德医疗,2025-09-29 09:34:47,43.24,8000,43.13,U
sh603301,振德医疗,2025-09-29 09:34:53,43.17,14500,43.25,D
sh603301,振德医疗,2025-09-29 09:34:59,43.24,49400,43.24,U
sh603301,振德医疗,2025-09-29 09:35:05,43.2,11100,43.22,D
sh603301,振德医疗,2025-09-29 09:35:23,43.09,9300,42.99,U
sh603301,振德医疗,2025-09-29 09:35:29,43.24,9500,43.19,U
sh603301,振德医疗,2025-09-29 09:35:35,43.18,6000,43.2,D
sh603301,振德医疗,2025-09-29 09:35:38,43.29,46200,43.18,U
sh603301,振德医疗,2025-09-29 09:35:41,43.36,5600,43.29,E
sh603301,振德医疗,2025-09-29 09:35:44,43.36,7700,43.36,U
sh603301,振德医疗,2025-09-29 09:35:47,43.38,12100,43.36,U
sh603301,振德医疗,2025-09-29 09:35:50,43.43,24200,43.38,U
sh603301,振德医疗,2025-09-29 09:35:53,43.44,14100,43.43,U
sh603301,振德医疗,2025-09-29 09:35:56,43.44,6600,43.44,U
sh603301,振德医疗,2025-09-29 09:35:59,43.44,5900,43.44,D
sh603301,振德医疗,2025-09-29 09:36:02,43.47,26400,43.44,U
sh603301,振德医疗,2025-09-29 09:36:05,43.47,25600,43.47,D
sh603301,振德医疗,2025-09-29 09:36:08,43.45,7100,43.47,D
sh603301,振德医疗,2025-09-29 09:36:14,43.4,5400,43.42,E
sh603301,振德医疗,2025-09-29 09:36:17,43.29,14600,43.4,D
sh603301,振德医疗,2025-09-29 09:36:23,43.37,7600,43.36,U
sh603301,振德医疗,2025-09-29 09:36:29,43.29,6300,43.29,U
sh603301,振德医疗,2025-09-29 09:36:35,43.3,7300,43.21,U
sh603301,振德医疗,2025-09-29 09:36:38,43.46,15700,43.3,U
sh603301,振德医疗,2025-09-29 09:36:41,43.43,8900,43.46,D
sh603301,振德医疗,2025-09-29 09:36:47,43.41,4900,43.47,E
sh603301,振德医疗,2025-09-29 09:36:53,43.29,12600,43.41,D
sh603301,振德医疗,2025-09-29 09:36:56,43.38,14100,43.29,U
sh603301,振德医疗,2025-09-29 09:37:02,43.22,5300,43.32,D
sh603301,振德医疗,2025-09-29 09:37:05,43.13,4900,43.22,D
sh603301,振德医疗,2025-09-29 09:37:08,43.1,9900,43.13,D
sh603301,振德医疗,2025-09-29 09:37:20,42.86,16500,42.85,E
sh603301,振德医疗,2025-09-29 09:37:26,42.9,6800,43.08,D
sh603301,振德医疗,2025-09-29 09:37:38,43.0,6400,43.02,D
sh603301,振德医疗,2025-09-29 09:37:44,43.0,8300,43.01,D
sh603301,振德医疗,2025-09-29 09:37:50,43.02,4700,43.02,U
sh603301,振德医疗,2025-09-29 09:37:53,43.03,7800,43.02,E
sh603301,振德医疗,2025-09-29 09:37:56,43.02,10200,43.03,D
sh603301,振德医疗,2025-09-29 09:38:02,43.14,5400,43.02,U
sh603301,振德医疗,2025-09-29 09:38:14,43.14,15600,43.09,U
sh603301,振德医疗,2025-09-29 09:38:17,43.17,5600,43.14,U
sh603301,振德医疗,2025-09-29 09:38:23,43.16,5700,43.18,D
sh603301,振德医疗,2025-09-29 09:38:26,43.13,4900,43.16,E
sh603301,振德医疗,2025-09-29 09:38:41,43.0,27100,43.07,D
sh603301,振德医疗,2025-09-29 09:38:44,43.0,4800,43.0,D
sh603301,振德医疗,2025-09-29 09:38:47,43.0,8200,43.0,D
sh603301,振德医疗,2025-09-29 09:38:53,43.04,11300,42.96,U
sh603301,振德医疗,2025-09-29 09:38:56,43.0,8200,43.04,D
sh603301,振德医疗,2025-09-29 09:39:02,43.05,5300,43.0,U
sh603301,振德医疗,2025-09-29 09:39:05,43.25,10700,43.05,U
sh603301,振德医疗,2025-09-29 09:39:14,43.08,23800,43.26,D
sh603301,振德医疗,2025-09-29 09:39:17,43.07,4800,43.08,D
sh603301,振德医疗,2025-09-29 09:39:29,43.2,7700,43.12,U
sh603301,振德医疗,2025-09-29 09:39:35,43.12,5400,43.12,D
sh603301,振德医疗,2025-09-29 09:39:44,43.13,14600,43.2,D
sh603301,振德医疗,2025-09-29 09:39:47,43.04,13900,43.13,D
sh603301,振德医疗,2025-09-29 09:39:50,43.1,6200,43.04,U
sh603301,振德医疗,2025-09-29 09:40:17,42.85,11100,42.92,D
sh603301,振德医疗,2025-09-29 09:40:20,42.89,5700,42.85,U
sh603301,振德医疗,2025-09-29 09:40:23,42.89,5400,42.89,D
sh603301,振德医疗,2025-09-29 09:40:29,42.81,10600,42.84,D
sh603301,振德医疗,2025-09-29 09:40:35,42.94,15100,42.81,U
sh603301,振德医疗,2025-09-29 09:40:53,42.87,4700,42.85,E
sh603301,振德医疗,2025-09-29 09:41:05,42.7,10300,42.82,D
sh603301,振德医疗,2025-09-29 09:41:14,42.8,7400,42.7,U
sh603301,振德医疗,2025-09-29 09:41:17,42.86,5300,42.8,U
sh603301,振德医疗,2025-09-29 09:41:20,42.95,40900,42.86,U
sh603301,振德医疗,2025-09-29 09:41:32,43.09,59100,42.95,U
sh603301,振德医疗,2025-09-29 09:41:35,43.16,9000,43.09,U
sh603301,振德医疗,2025-09-29 09:42:05,43.1,6200,43.0,U
sh603301,振德医疗,2025-09-29 09:42:08,43.04,6600,43.1,D
sh603301,振德医疗,2025-09-29 09:42:14,43.11,6100,43.04,U
sh603301,振德医疗,2025-09-29 09:42:26,43.2,10200,43.17,U
sh603301,振德医疗,2025-09-29 09:42:29,43.23,21800,43.2,U
sh603301,振德医疗,2025-09-29 09:43:05,43.22,7400,43.2,U
sh603301,振德医疗,2025-09-29 09:43:14,43.23,6600,43.26,D
sh603301,振德医疗,2025-09-29 09:43:20,43.21,5300,43.27,D
sh603301,振德医疗,2025-09-29 09:43:29,43.2,13700,43.18,U
sh603301,振德医疗,2025-09-29 09:43:47,43.01,5400,43.1,D
sh603301,振德医疗,2025-09-29 09:44:05,42.95,5800,42.95,U
sh603301,振德医疗,2025-09-29 09:44:17,42.98,5300,42.94,U
sh603301,振德医疗,2025-09-29 09:44:35,43.1,9000,43.15,D
sh603301,振德医疗,2025-09-29 09:44:38,43.16,6300,43.1,E
sh603301,振德医疗,2025-09-29 09:44:44,43.32,25900,43.18,U
sh603301,振德医疗,2025-09-29 09:44:47,43.4,28700,43.32,U
sh603301,振德医疗,2025-09-29 09:44:50,43.45,9300,43.4,U
sh603301,振德医疗,2025-09-29 09:45:05,43.41,23900,43.17,U
sh603301,振德医疗,2025-09-29 09:45:35,43.38,5100,43.34,U
sh603301,振德医疗,2025-09-29 09:45:56,43.32,14000,43.32,D
sh603301,振德医疗,2025-09-29 09:46:05,43.33,12700,43.3,U
sh603301,振德医疗,2025-09-29 09:46:08,43.45,55400,43.33,U
sh603301,振德医疗,2025-09-29 09:46:11,43.55,62400,43.45,U
sh603301,振德医疗,2025-09-29 09:46:14,43.65,16100,43.55,U
sh603301,振德医疗,2025-09-29 09:46:17,43.7,35000,43.65,U
sh603301,振德医疗,2025-09-29 09:46:20,43.75,5400,43.7,U
sh603301,振德医疗,2025-09-29 09:46:23,43.81,9800,43.75,U
sh603301,振德医疗,2025-09-29 09:46:26,43.85,4700,43.81,U
sh603301,振德医疗,2025-09-29 09:46:32,43.84,21100,43.86,D
sh603301,振德医疗,2025-09-29 09:46:35,43.83,8800,43.84,U
sh603301,振德医疗,2025-09-29 09:46:38,43.78,10400,43.83,D
sh603301,振德医疗,2025-09-29 09:46:44,43.78,8100,43.79,E
sh603301,振德医疗,2025-09-29 09:46:53,43.78,39000,43.78,D
sh603301,振德医疗,2025-09-29 09:46:56,43.76,10900,43.78,E
sh603301,振德医疗,2025-09-29 09:47:26,43.5,12500,43.44,U
sh603301,振德医疗,2025-09-29 09:47:38,43.66,8600,43.66,U
sh603301,振德医疗,2025-09-29 09:48:17,43.55,8100,43.55,U
sh603301,振德医疗,2025-09-29 09:49:08,43.58,20300,43.49,U
sh603301,振德医疗,2025-09-29 09:49:20,43.6,8000,43.59,U
sh603301,振德医疗,2025-09-29 09:49:23,43.64,6000,43.6,U
sh603301,振德医疗,2025-09-29 09:49:56,43.66,12900,43.7,D
sh603301,振德医疗,2025-09-29 09:50:08,43.64,5200,43.55,U
sh603301,振德医疗,2025-09-29 09:50:14,43.44,16600,43.59,D
sh603301,振德医疗,2025-09-29 09:50:17,43.48,8000,43.44,U
sh603301,振德医疗,2025-09-29 09:50:41,43.44,10300,43.39,U
sh603301,振德医疗,2025-09-29 09:50:44,43.51,5400,43.44,U
sh603301,振德医疗,2025-09-29 09:51:20,43.55,10400,43.53,U
sh603301,振德医疗,2025-09-29 09:51:41,43.42,6700,43.54,D
sh603301,振德医疗,2025-09-29 09:51:50,43.42,15900,43.46,D
sh603301,振德医疗,2025-09-29 09:52:26,43.6,20300,43.44,U
sh603301,振德医疗,2025-09-29 09:52:29,43.61,8000,43.6,U
sh603301,振德医疗,2025-09-29 09:52:32,43.65,5800,43.61,U
sh603301,振德医疗,2025-09-29 09:53:05,43.41,9500,43.41,D
sh603301,振德医疗,2025-09-29 09:54:11,43.51,8800,43.51,D
sh603301,振德医疗,2025-09-29 09:54:14,43.55,9600,43.51,U
sh603301,振德医疗,2025-09-29 09:55:02,43.5,5400,43.51,D
sh603301,振德医疗,2025-09-29 09:55:14,43.51,10400,43.49,U
sh603301,振德医疗,2025-09-29 09:55:29,43.44,4700,43.44,D
sh603301,振德医疗,2025-09-29 09:55:44,43.44,6300,43.47,D
sh603301,振德医疗,2025-09-29 09:56:05,43.44,4800,43.44,U
sh603301,振德医疗,2025-09-29 09:56:23,43.4,15400,43.41,D
sh603301,振德医疗,2025-09-29 09:56:29,43.36,5700,43.4,D
sh603301,振德医疗,2025-09-29 09:56:38,43.4,9400,43.33,U
sh603301,振德医疗,2025-09-29 09:56:41,43.47,13500,43.4,U
sh603301,振德医疗,2025-09-29 09:56:53,43.54,5500,43.51,U
sh603301,振德医疗,2025-09-29 09:56:56,43.55,5200,43.54,U
sh603301,振德医疗,2025-09-29 09:57:41,43.61,29400,43.58,U
sh603301,振德医疗,2025-09-29 09:57:44,43.68,5700,43.61,U
sh603301,振德医疗,2025-09-29 09:57:47,43.67,4657,43.68,D
sh603301,振德医疗,2025-09-29 09:57:56,43.67,13800,43.68,U
sh603301,振德医疗,2025-09-29 09:58:11,43.66,6200,43.63,U
sh603301,振德医疗,2025-09-29 09:58:20,43.7,62700,43.67,U
sh603301,振德医疗,2025-09-29 09:58:23,43.76,9600,43.7,U
sh603301,振德医疗,2025-09-29 09:58:35,43.82,4900,43.8,U
sh603301,振德医疗,2025-09-29 09:58:44,43.88,7800,43.83,U
sh603301,振德医疗,2025-09-29 09:58:50,43.88,6000,43.88,U
sh603301,振德医疗,2025-09-29 09:58:56,43.87,7000,43.87,U
sh603301,振德医疗,2025-09-29 09:58:59,43.86,4900,43.87,E
sh603301,振德医疗,2025-09-29 09:59:08,43.86,6400,43.87,D
sh603301,振德医疗,2025-09-29 09:59:23,43.83,10700,43.82,U
sh603301,振德医疗,2025-09-29 09:59:35,43.82,6200,43.82,D
sh603301,振德医疗,2025-09-29 09:59:38,43.82,10200,43.82,D
sh603301,振德医疗,2025-09-29 09:59:47,43.82,12800,43.82,U
sh603301,振德医疗,2025-09-29 09:59:56,43.86,20200,43.85,U
sh603301,振德医疗,2025-09-29 09:59:59,43.87,15700,43.86,U
sh603301,振德医疗,2025-09-29 10:00:02,43.88,24900,43.87,U
sh603301,振德医疗,2025-09-29 10:00:11,43.9,18400,43.89,U
sh603301,振德医疗,2025-09-29 10:00:14,43.9,52684,43.9,U
sh603301,振德医疗,2025-09-29 10:00:29,43.99,5000,43.99,D
sh603301,振德医疗,2025-09-29 10:00:32,43.95,19000,43.99,D
sh603301,振德医疗,2025-09-29 10:00:38,43.94,7000,43.88,U
sh603301,振德医疗,2025-09-29 10:00:47,43.79,6700,43.8,D
sh603301,振德医疗,2025-09-29 10:00:59,43.7,6000,43.72,D
sh603301,振德医疗,2025-09-29 10:01:29,43.85,9200,43.86,D
sh603301,振德医疗,2025-09-29 10:01:32,43.85,6300,43.85,U
sh603301,振德医疗,2025-09-29 10:01:56,43.85,8700,43.85,U
sh603301,振德医疗,2025-09-29 10:02:23,43.86,17700,43.81,U
sh603301,振德医疗,2025-09-29 10:02:50,43.84,4800,43.85,D
sh603301,振德医疗,2025-09-29 10:03:05,43.81,6400,43.83,D
sh603301,振德医疗,2025-09-29 10:03:47,43.75,6200,43.75,D
sh603301,振德医疗,2025-09-29 10:04:20,43.64,18600,43.74,D
sh603301,振德医疗,2025-09-29 10:04:44,43.72,21100,43.67,U
sh603301,振德医疗,2025-09-29 10:05:05,43.68,5800,43.67,U
sh603301,振德医疗,2025-09-29 10:05:17,43.61,7800,43.66,D
sh603301,振德医疗,2025-09-29 10:06:05,43.56,11700,43.5,U
sh603301,振德医疗,2025-09-29 10:06:11,43.5,7600,43.56,D
sh603301,振德医疗,2025-09-29 10:06:32,43.5,12000,43.49,U
sh603301,振德医疗,2025-09-29 10:07:41,43.5,10700,43.42,U
sh603301,振德医疗,2025-09-29 10:07:59,43.47,5900,43.46,U
sh603301,振德医疗,2025-09-29 10:08:02,43.51,20100,43.47,U
sh603301,振德医疗,2025-09-29 10:08:11,43.55,4800,43.56,D
sh603301,振德医疗,2025-09-29 10:08:20,43.63,13300,43.55,U
sh603301,振德医疗,2025-09-29 10:09:20,43.66,8200,43.61,U
sh603301,振德医疗,2025-09-29 10:10:02,43.58,8900,43.6,D
sh603301,振德医疗,2025-09-29 10:11:02,43.57,4700,43.56,U
sh603301,振德医疗,2025-09-29 10:11:23,43.6,9000,43.55,U
sh603301,振德医疗,2025-09-29 10:13:47,43.62,8400,43.57,U
sh603301,振德医疗,2025-09-29 10:14:32,43.62,11000,43.59,U
sh603301,振德医疗,2025-09-29 10:15:08,43.66,5200,43.66,U
sh603301,振德医疗,2025-09-29 10:15:20,43.66,8400,43.66,U
sh603301,振德医疗,2025-09-29 10:15:26,43.66,5800,43.68,D
sh603301,振德医疗,2025-09-29 10:16:29,43.66,17000,43.67,D
sh603301,振德医疗,2025-09-29 10:16:32,43.7,16400,43.66,U
sh603301,振德医疗,2025-09-29 10:16:50,43.8,6823,43.75,U
sh603301,振德医疗,2025-09-29 10:17:08,43.85,31300,43.88,D
sh603301,振德医疗,2025-09-29 10:18:23,43.66,5600,43.64,U
sh603301,振德医疗,2025-09-29 10:19:02,43.72,19700,43.7,U
sh603301,振德医疗,2025-09-29 10:19:38,43.76,10200,43.68,U
sh603301,振德医疗,2025-09-29 10:20:23,43.72,13600,43.75,D
sh603301,振德医疗,2025-09-29 10:21:38,43.7,5400,43.68,U
sh603301,振德医疗,2025-09-29 10:22:02,43.61,8800,43.67,D
sh603301,振德医疗,2025-09-29 10:22:38,43.61,6500,43.63,D
sh603301,振德医疗,2025-09-29 10:22:50,43.6,7000,43.61,D
sh603301,振德医疗,2025-09-29 10:24:20,43.57,21000,43.61,D
sh603301,振德医疗,2025-09-29 10:24:23,43.54,17000,43.57,D
sh603301,振德医疗,2025-09-29 10:24:53,43.43,26000,43.51,D
sh603301,振德医疗,2025-09-29 10:25:17,43.42,6500,43.41,U
sh603301,振德医疗,2025-09-29 10:25:44,43.35,4800,43.37,D
sh603301,振德医疗,2025-09-29 10:25:59,43.32,10200,43.34,D
sh603301,振德医疗,2025-09-29 10:26:02,43.28,7500,43.32,D
sh603301,振德医疗,2025-09-29 10:26:08,43.24,38600,43.28,D
sh603301,振德医疗,2025-09-29 10:26:11,43.18,14100,43.24,D
sh603301,振德医疗,2025-09-29 10:26:14,43.16,11600,43.18,D
sh603301,振德医疗,2025-09-29 10:26:44,43.05,5200,43.06,D
sh603301,振德医疗,2025-09-29 10:26:50,43.0,13900,43.03,D
sh603301,振德医疗,2025-09-29 10:26:53,42.95,17900,43.0,D
sh603301,振德医疗,2025-09-29 10:26:56,42.84,9600,42.95,D
sh603301,振德医疗,2025-09-29 10:26:59,42.85,8300,42.84,D
sh603301,振德医疗,2025-09-29 10:27:02,42.86,21500,42.85,E
sh603301,振德医疗,2025-09-29 10:27:05,42.77,10600,42.86,D
sh603301,振德医疗,2025-09-29 10:27:11,42.67,10100,42.77,D
sh603301,振德医疗,2025-09-29 10:27:14,42.67,5500,42.67,D
sh603301,振德医疗,2025-09-29 10:27:20,42.68,10000,42.67,U
sh603301,振德医疗,2025-09-29 10:27:23,42.68,7700,42.68,U
sh603301,振德医疗,2025-09-29 10:27:47,42.76,5600,42.73,U
sh603301,振德医疗,2025-09-29 10:27:50,42.68,17700,42.76,D
sh603301,振德医疗,2025-09-29 10:27:53,42.64,27400,42.68,D
sh603301,振德医疗,2025-09-29 10:27:59,42.66,7800,42.67,E
sh603301,振德医疗,2025-09-29 10:28:02,42.6,10900,42.66,D
sh603301,振德医疗,2025-09-29 10:28:05,42.62,7000,42.6,U
sh603301,振德医疗,2025-09-29 10:28:20,42.59,6300,42.59,D
sh603301,振德医疗,2025-09-29 10:28:26,42.59,9200,42.59,U
sh603301,振德医疗,2025-09-29 10:28:29,42.66,5500,42.59,U
sh603301,振德医疗,2025-09-29 10:28:56,42.65,7600,42.66,D
sh603301,振德医疗,2025-09-29 10:29:05,42.65,12400,42.69,D
sh603301,振德医疗,2025-09-29 10:29:17,42.77,9400,42.65,U
sh603301,振德医疗,2025-09-29 10:29:32,42.9,11200,42.84,U
sh603301,振德医疗,2025-09-29 10:29:38,42.9,6300,42.9,U
sh603301,振德医疗,2025-09-29 10:29:44,42.99,6400,42.96,U
sh603301,振德医疗,2025-09-29 10:30:02,43.04,7600,43.0,U
sh603301,振德医疗,2025-09-29 10:30:11,43.15,5600,43.03,U
sh603301,振德医疗,2025-09-29 10:30:23,42.9,16800,42.91,D
sh603301,振德医疗,2025-09-29 10:30:29,42.9,7300,42.9,D
sh603301,振德医疗,2025-09-29 10:30:59,42.92,5800,42.92,D
sh603301,振德医疗,2025-09-29 10:31:02,43.01,9900,42.92,U
sh603301,振德医疗,2025-09-29 10:31:14,43.16,5000,43.1,U
sh603301,振德医疗,2025-09-29 10:31:29,43.14,7400,43.1,U
sh603301,振德医疗,2025-09-29 10:31:32,43.14,5900,43.14,E
sh603301,振德医疗,2025-09-29 10:32:11,43.02,6800,43.02,D
sh603301,振德医疗,2025-09-29 10:32:14,43.02,4700,43.02,D
sh603301,振德医疗,2025-09-29 10:32:41,43.15,17900,43.09,U
sh603301,振德医疗,2025-09-29 10:32:47,43.2,14900,43.16,U
sh603301,振德医疗,2025-09-29 10:32:56,43.28,5700,43.21,E
sh603301,振德医疗,2025-09-29 10:33:05,43.29,19400,43.21,U
sh603301,振德医疗,2025-09-29 10:33:08,43.43,20400,43.29,U
sh603301,振德医疗,2025-09-29 10:33:20,43.5,20600,43.48,U
sh603301,振德医疗,2025-09-29 10:34:32,43.38,5400,43.35,U
sh603301,振德医疗,2025-09-29 10:34:35,43.36,13800,43.38,D
sh603301,振德医疗,2025-09-29 10:34:56,43.46,5100,43.4,U
sh603301,振德医疗,2025-09-29 10:34:59,43.5,6100,43.46,U
sh603301,振德医疗,2025-09-29 10:35:56,43.42,5100,43.47,D
sh603301,振德医疗,2025-09-29 10:35:59,43.52,8000,43.42,U
sh603301,振德医疗,2025-09-29 10:36:20,43.52,5100,43.52,U
sh603301,振德医疗,2025-09-29 10:37:11,43.51,6300,43.52,D
sh603301,振德医疗,2025-09-29 10:37:14,43.6,15700,43.51,U
sh603301,振德医疗,2025-09-29 10:37:44,43.62,9400,43.62,D
sh603301,振德医疗,2025-09-29 10:38:32,43.55,5500,43.57,E
sh603301,振德医疗,2025-09-29 10:38:59,43.65,10700,43.61,U
sh603301,振德医疗,2025-09-29 10:44:59,43.68,6200,43.67,U
sh603301,振德医疗,2025-09-29 10:45:02,43.72,9500,43.68,U
sh603301,振德医疗,2025-09-29 10:45:17,43.82,15500,43.76,U
sh603301,振德医疗,2025-09-29 10:45:26,43.76,10300,43.85,D
sh603301,振德医疗,2025-09-29 10:45:38,43.85,18300,43.76,U
sh603301,振德医疗,2025-09-29 10:45:47,43.88,8400,43.85,U
sh603301,振德医疗,2025-09-29 10:49:35,43.6,5500,43.64,D
sh603301,振德医疗,2025-09-29 10:51:41,43.55,6000,43.59,D
sh603301,振德医疗,2025-09-29 10:52:29,43.55,10300,43.58,D
sh603301,振德医疗,2025-09-29 10:54:11,43.57,12100,43.58,D
sh603301,振德医疗,2025-09-29 10:54:14,43.57,4800,43.57,D
sh603301,振德医疗,2025-09-29 10:56:41,43.59,5700,43.57,U
sh603301,振德医疗,2025-09-29 10:57:41,43.56,6000,43.61,D
sh603301,振德医疗,2025-09-29 11:00:32,43.57,7300,43.56,U
sh603301,振德医疗,2025-09-29 11:03:02,43.55,7700,43.53,U
sh603301,振德医疗,2025-09-29 11:06:56,43.35,5200,43.38,D
sh603301,振德医疗,2025-09-29 11:07:53,43.4,10100,43.42,D
sh603301,振德医疗,2025-09-29 11:08:05,43.4,8400,43.42,D
sh603301,振德医疗,2025-09-29 11:08:20,43.4,9400,43.4,U
sh603301,振德医疗,2025-09-29 11:08:29,43.28,7700,43.39,D
sh603301,振德医疗,2025-09-29 11:10:14,43.33,9100,43.35,D
sh603301,振德医疗,2025-09-29 11:10:50,43.21,5200,43.24,D
sh603301,振德医疗,2025-09-29 11:11:08,43.17,8400,43.15,U
sh603301,振德医疗,2025-09-29 11:11:35,43.23,14400,43.19,U
sh603301,振德医疗,2025-09-29 11:11:44,43.17,10400,43.18,D
sh603301,振德医疗,2025-09-29 11:12:02,43.18,4900,43.18,D
sh603301,振德医疗,2025-09-29 11:12:20,43.18,5800,43.18,D
sh603301,振德医疗,2025-09-29 11:14:56,43.18,7200,43.2,D
sh603301,振德医疗,2025-09-29 11:29:08,43.29,8400,43.25,U
sh603301,振德医疗,2025-09-29 11:29:11,43.32,6100,43.29,U
sh603301,振德医疗,2025-09-29 13:00:08,43.38,5900,43.38,U
sh603301,振德医疗,2025-09-29 13:03:53,43.5,72900,43.53,D
sh603301,振德医疗,2025-09-29 13:14:56,43.39,6000,43.43,D
sh603301,振德医疗,2025-09-29 13:16:11,43.32,11400,43.34,D
sh603301,振德医疗,2025-09-29 13:16:59,43.29,10500,43.28,U
sh603301,振德医疗,2025-09-29 13:18:14,43.34,5900,43.33,U
sh603301,振德医疗,2025-09-29 13:18:35,43.33,5900,43.33,D
sh603301,振德医疗,2025-09-29 13:18:38,43.33,6400,43.33,D
sh603301,振德医疗,2025-09-29 13:20:47,43.36,12100,43.3,U
sh603301,振德医疗,2025-09-29 13:27:29,43.47,4900,43.46,U
sh603301,振德医疗,2025-09-29 13:28:38,43.46,10000,43.43,U
sh603301,振德医疗,2025-09-29 13:33:41,43.4,6000,43.41,D
sh603301,振德医疗,2025-09-29 13:34:14,43.34,27900,43.41,D
sh603301,振德医疗,2025-09-29 13:36:29,43.47,5700,43.43,U
sh603301,振德医疗,2025-09-29 13:39:35,43.44,5700,43.45,D
sh603301,振德医疗,2025-09-29 13:42:29,43.43,13600,43.46,D
sh603301,振德医疗,2025-09-29 13:42:32,43.43,31500,43.43,D
sh603301,振德医疗,2025-09-29 13:43:20,43.3,9100,43.36,D
sh603301,振德医疗,2025-09-29 13:43:23,43.38,19600,43.3,U
sh603301,振德医疗,2025-09-29 13:49:32,43.29,6900,43.32,D
sh603301,振德医疗,2025-09-29 13:50:20,43.47,4900,43.4,U
sh603301,振德医疗,2025-09-29 13:51:56,43.53,9100,43.52,U
sh603301,振德医疗,2025-09-29 13:53:02,43.56,5900,43.56,D
sh603301,振德医疗,2025-09-29 13:53:23,43.57,38500,43.5,U
sh603301,振德医疗,2025-09-29 13:53:26,43.63,19176,43.57,U
sh603301,振德医疗,2025-09-29 13:54:23,43.62,12600,43.62,D
sh603301,振德医疗,2025-09-29 13:54:38,43.69,20300,43.66,U
sh603301,振德医疗,2025-09-29 13:57:02,43.76,9700,43.72,U
sh603301,振德医疗,2025-09-29 13:58:41,43.7,5100,43.62,U
sh603301,振德医疗,2025-09-29 13:59:32,43.76,4800,43.76,D
sh603301,振德医疗,2025-09-29 14:02:41,43.77,9940,43.69,U
sh603301,振德医疗,2025-09-29 14:02:44,43.85,34800,43.77,U
sh603301,振德医疗,2025-09-29 14:02:53,43.85,23600,43.85,U
sh603301,振德医疗,2025-09-29 14:03:08,43.88,22900,43.87,U
sh603301,振德医疗,2025-09-29 14:03:11,43.89,10500,43.88,U
sh603301,振德医疗,2025-09-29 14:03:14,43.9,6900,43.89,U
sh603301,振德医疗,2025-09-29 14:05:44,43.87,7300,43.87,U
sh603301,振德医疗,2025-09-29 14:05:56,43.88,5200,43.88,U
sh603301,振德医疗,2025-09-29 14:05:59,43.98,82400,43.88,U
sh603301,振德医疗,2025-09-29 14:06:02,43.99,42100,43.98,U
sh603301,振德医疗,2025-09-29 14:06:05,43.99,8300,43.99,U
sh603301,振德医疗,2025-09-29 14:06:11,43.99,5900,43.99,U
sh603301,振德医疗,2025-09-29 14:06:14,43.97,13500,43.99,D
sh603301,振德医疗,2025-09-29 14:07:26,43.94,16400,43.9,U
sh603301,振德医疗,2025-09-29 14:08:02,43.96,14800,43.9,U
sh603301,振德医疗,2025-09-29 14:08:08,43.9,10200,43.96,D
sh603301,振德医疗,2025-09-29 14:09:02,43.99,30700,43.91,U
sh603301,振德医疗,2025-09-29 14:09:05,43.99,10200,43.99,U
sh603301,振德医疗,2025-09-29 14:09:20,43.99,9400,43.98,U
sh603301,振德医疗,2025-09-29 14:10:47,43.9,12100,43.83,U
sh603301,振德医疗,2025-09-29 14:10:56,43.94,5000,43.9,U
sh603301,振德医疗,2025-09-29 14:11:35,43.9,5800,43.9,D
sh603301,振德医疗,2025-09-29 14:12:11,43.9,8400,43.85,U
sh603301,振德医疗,2025-09-29 14:12:29,43.93,6100,43.9,U
sh603301,振德医疗,2025-09-29 14:12:38,43.91,4600,43.91,D
sh603301,振德医疗,2025-09-29 14:13:20,43.84,8800,43.92,D
sh603301,振德医疗,2025-09-29 14:13:26,43.83,23400,43.84,D
sh603301,振德医疗,2025-09-29 14:14:05,43.79,5700,43.79,U
sh603301,振德医疗,2025-09-29 14:15:02,43.71,9800,43.79,D
sh603301,振德医疗,2025-09-29 14:15:38,43.78,5700,43.79,D
sh603301,振德医疗,2025-09-29 14:22:47,43.72,7700,43.72,U
sh603301,振德医疗,2025-09-29 14:30:56,43.7,9200,43.7,D
sh603301,振德医疗,2025-09-29 14:33:05,43.7,14900,43.71,D
sh603301,振德医疗,2025-09-29 14:33:20,43.67,15200,43.68,D
sh603301,振德医疗,2025-09-29 14:33:59,43.52,4600,43.53,D
sh603301,振德医疗,2025-09-29 14:34:02,43.61,5100,43.52,U
sh603301,振德医疗,2025-09-29 14:34:23,43.61,10100,43.59,U
sh603301,振德医疗,2025-09-29 14:36:44,43.51,7600,43.52,D
sh603301,振德医疗,2025-09-29 14:36:53,43.48,5000,43.5,D
sh603301,振德医疗,2025-09-29 14:36:59,43.52,5900,43.48,U
sh603301,振德医疗,2025-09-29 14:38:41,43.58,4600,43.55,U
sh603301,振德医疗,2025-09-29 14:38:59,43.54,5200,43.54,U
sh603301,振德医疗,2025-09-29 14:39:23,43.5,8600,43.5,D
sh603301,振德医疗,2025-09-29 14:41:41,43.42,10700,43.41,U
sh603301,振德医疗,2025-09-29 14:42:38,43.45,7200,43.41,U
sh603301,振德医疗,2025-09-29 14:43:02,43.42,9100,43.44,D
sh603301,振德医疗,2025-09-29 14:43:26,43.42,15010,43.43,D
sh603301,振德医疗,2025-09-29 14:43:29,43.4,7590,43.42,D
sh603301,振德医疗,2025-09-29 14:44:53,43.44,16500,43.43,U
sh603301,振德医疗,2025-09-29 14:44:56,43.46,11900,43.44,U
sh603301,振德医疗,2025-09-29 14:45:35,43.56,5100,43.5,U
sh603301,振德医疗,2025-09-29 14:46:11,43.5,9200,43.52,D
sh603301,振德医疗,2025-09-29 14:48:14,43.52,11600,43.52,U
sh603301,振德医疗,2025-09-29 14:48:53,43.5,25100,43.56,D
sh603301,振德医疗,2025-09-29 14:49:53,43.56,7200,43.58,D
sh603301,振德医疗,2025-09-29 14:50:05,43.45,37400,43.52,D
sh603301,振德医疗,2025-09-29 14:50:17,43.42,13700,43.43,D
sh603301,振德医疗,2025-09-29 14:50:32,43.52,12300,43.46,U
sh603301,振德医疗,2025-09-29 14:50:53,43.55,12700,43.47,U
sh603301,振德医疗,2025-09-29 14:51:02,43.51,14100,43.5,U
sh603301,振德医疗,2025-09-29 14:51:56,43.48,17000,43.5,D
sh603301,振德医疗,2025-09-29 14:51:59,43.5,6100,43.48,U
sh603301,振德医疗,2025-09-29 14:52:05,43.48,10100,43.48,D
sh603301,振德医疗,2025-09-29 14:52:11,43.47,57400,43.47,U
sh603301,振德医疗,2025-09-29 14:52:29,43.46,16500,43.46,D
sh603301,振德医疗,2025-09-29 14:53:05,43.6,11500,43.52,U
sh603301,振德医疗,2025-09-29 14:53:26,43.56,6200,43.56,D
sh603301,振德医疗,2025-09-29 14:53:41,43.55,14000,43.56,D
sh603301,振德医疗,2025-09-29 14:53:53,43.61,11100,43.54,U
sh603301,振德医疗,2025-09-29 14:53:56,43.6,5100,43.61,D
sh603301,振德医疗,2025-09-29 14:54:02,43.54,7000,43.56,D
sh603301,振德医疗,2025-09-29 14:54:23,43.51,5800,43.53,D
sh603301,振德医疗,2025-09-29 14:54:29,43.53,5800,43.5,U
sh603301,振德医疗,2025-09-29 14:54:32,43.51,8600,43.53,D
sh603301,振德医疗,2025-09-29 14:54:35,43.5,8500,43.51,D
sh603301,振德医疗,2025-09-29 14:54:38,43.6,17200,43.5,U
sh603301,振德医疗,2025-09-29 14:55:05,43.49,20400,43.53,D
sh603301,振德医疗,2025-09-29 14:55:08,43.51,5200,43.49,U
sh603301,振德医疗,2025-09-29 14:55:32,43.53,5400,43.55,D
sh603301,振德医疗,2025-09-29 14:55:35,43.51,9500,43.53,D
sh603301,振德医疗,2025-09-29 14:55:38,43.46,34000,43.51,D
sh603301,振德医疗,2025-09-29 14:55:44,43.4,5500,43.42,D
sh603301,振德医疗,2025-09-29 14:55:53,43.45,17400,43.45,U
sh603301,振德医疗,2025-09-29 14:55:56,43.45,9100,43.45,D
sh603301,振德医疗,2025-09-29 14:56:14,43.48,12400,43.46,U
sh603301,振德医疗,2025-09-29 14:56:20,43.49,5400,43.49,D
sh603301,振德医疗,2025-09-29 14:56:29,43.5,5300,43.47,U
sh603301,振德医疗,2025-09-29 14:56:32,43.49,10500,43.5,D
sh603301,振德医疗,2025-09-29 14:56:35,43.45,24800,43.49,D
sh603301,振德医疗,2025-09-29 14:56:38,43.39,7800,43.45,D
sh603301,振德医疗,2025-09-29 14:56:41,43.49,11200,43.39,U
sh603301,振德医疗,2025-09-29 14:56:47,43.45,5200,43.49,U
sh603301,振德医疗,2025-09-29 14:56:50,43.49,6700,43.45,U
sh603301,振德医疗,2025-09-29 15:00:02,43.54,105560,43.46,U
