symbol,name,ticktime,price,volume,prev_price,kind
sh603301,振德医疗,2025-10-16 09:25:01,66.0,146000,0.0,U
sh603301,振德医疗,2025-10-16 09:30:00,66.2,33600,66.0,U
sh603301,振德医疗,2025-10-16 09:30:03,66.4,31600,66.2,U
sh603301,振德医疗,2025-10-16 09:30:06,66.1,67600,66.4,D
sh603301,振德医疗,2025-10-16 09:30:09,65.98,115700,66.1,D
sh603301,振德医疗,2025-10-16 09:30:12,65.8,47700,65.98,D
sh603301,振德医疗,2025-10-16 09:30:15,65.97,31800,65.8,E
sh603301,振德医疗,2025-10-16 09:30:18,65.81,38400,65.97,E
sh603301,振德医疗,2025-10-16 09:30:21,65.8,42673,65.81,D
sh603301,振德医疗,2025-10-16 09:30:24,65.97,40200,65.8,U
sh603301,振德医疗,2025-10-16 09:30:27,65.56,41600,65.97,D
sh603301,振德医疗,2025-10-16 09:30:30,65.76,37427,65.56,E
sh603301,振德医疗,2025-10-16 09:30:33,65.8,25300,65.76,E
sh603301,振德医疗,2025-10-16 09:30:36,65.6,14800,65.8,D
sh603301,振德医疗,2025-10-16 09:30:39,65.55,17200,65.6,D
sh603301,振德医疗,2025-10-16 09:30:42,65.55,30100,65.55,D
sh603301,振德医疗,2025-10-16 09:30:45,65.5,16500,65.55,D
sh603301,振德医疗,2025-10-16 09:30:48,65.3,18200,65.5,D
sh603301,振德医疗,2025-10-16 09:30:51,65.3,49900,65.3,U
sh603301,振德医疗,2025-10-16 09:30:54,65.25,42800,65.3,D
sh603301,振德医疗,2025-10-16 09:30:57,65.23,39800,65.25,E
sh603301,振德医疗,2025-10-16 09:31:00,65.14,31490,65.23,D
sh603301,振德医疗,2025-10-16 09:31:03,65.25,63010,65.14,U
sh603301,振德医疗,2025-10-16 09:31:06,65.57,41807,65.25,U
sh603301,振德医疗,2025-10-16 09:31:09,65.52,11000,65.57,D
sh603301,振德医疗,2025-10-16 09:31:12,65.6,4400,65.52,U
sh603301,振德医疗,2025-10-16 09:31:15,65.69,10100,65.6,E
sh603301,振德医疗,2025-10-16 09:31:18,65.75,10400,65.69,U
sh603301,振德医疗,2025-10-16 09:31:21,65.8,18600,65.75,U
sh603301,振德医疗,2025-10-16 09:31:24,65.81,13300,65.8,E
sh603301,振德医疗,2025-10-16 09:31:27,65.82,16600,65.81,E
sh603301,振德医疗,2025-10-16 09:31:30,65.97,12300,65.82,E
sh603301,振德医疗,2025-10-16 09:31:33,65.81,20900,65.97,D
sh603301,振德医疗,2025-10-16 09:31:36,65.79,16600,65.81,D
sh603301,振德医疗,2025-10-16 09:31:39,65.76,29000,65.79,D
sh603301,振德医疗,2025-10-16 09:31:42,65.76,57100,65.76,U
sh603301,振德医疗,2025-10-16 09:31:45,65.74,10700,65.76,E
sh603301,振德医疗,2025-10-16 09:31:48,65.59,5700,65.74,E
sh603301,振德医疗,2025-10-16 09:31:51,65.45,6627,65.59,D
sh603301,振德医疗,2025-10-16 09:31:54,65.45,5800,65.45,U
sh603301,振德医疗,2025-10-16 09:31:57,65.27,4400,65.45,D
sh603301,振德医疗,2025-10-16 09:32:00,65.27,4300,65.27,U
sh603301,振德医疗,2025-10-16 09:32:03,65.25,7300,65.27,D
sh603301,振德医疗,2025-10-16 09:32:06,65.15,6500,65.25,D
sh603301,振德医疗,2025-10-16 09:32:12,65.0,21500,65.01,D
sh603301,振德医疗,2025-10-16 09:32:15,64.86,7400,65.0,D
sh603301,振德医疗,2025-10-16 09:32:18,63.9,12500,64.86,D
sh603301,振德医疗,2025-10-16 09:32:21,64.5,8600,63.9,D
sh603301,振德医疗,2025-10-16 09:32:24,64.43,11700,64.5,D
sh603301,振德医疗,2025-10-16 09:32:27,64.43,17800,64.43,U
sh603301,振德医疗,2025-10-16 09:32:30,64.04,30300,64.43,E
sh603301,振德医疗,2025-10-16 09:32:33,64.74,34900,64.04,U
sh603301,振德医疗,2025-10-16 09:32:36,64.68,40800,64.74,E
sh603301,振德医疗,2025-10-16 09:32:39,64.68,12200,64.68,D
sh603301,振德医疗,2025-10-16 09:32:42,64.7,15700,64.68,E
sh603301,振德医疗,2025-10-16 09:32:45,64.7,14200,64.7,D
sh603301,振德医疗,2025-10-16 09:32:48,64.93,12100,64.7,U
sh603301,振德医疗,2025-10-16 09:32:51,65.03,20000,64.93,U
sh603301,振德医疗,2025-10-16 09:32:54,65.02,4100,65.03,D
sh603301,振德医疗,2025-10-16 09:32:57,65.03,3500,65.02,E
sh603301,振德医疗,2025-10-16 09:33:00,65.08,4800,65.03,E
sh603301,振德医疗,2025-10-16 09:33:03,64.96,9900,65.08,D
sh603301,振德医疗,2025-10-16 09:33:06,64.94,5900,64.96,D
sh603301,振德医疗,2025-10-16 09:33:09,64.73,14300,64.94,D
sh603301,振德医疗,2025-10-16 09:33:12,64.7,11300,64.73,D
sh603301,振德医疗,2025-10-16 09:33:15,64.68,9000,64.7,D
sh603301,振德医疗,2025-10-16 09:33:18,64.75,22600,64.68,U
sh603301,振德医疗,2025-10-16 09:33:21,65.08,38666,64.75,U
sh603301,振德医疗,2025-10-16 09:33:24,65.52,19100,65.08,U
sh603301,振德医疗,2025-10-16 09:33:27,65.52,10900,65.52,D
sh603301,振德医疗,2025-10-16 09:33:30,65.52,4900,65.52,D
sh603301,振德医疗,2025-10-16 09:33:33,65.33,3400,65.52,D
sh603301,振德医疗,2025-10-16 09:33:36,65.43,14100,65.33,U
sh603301,振德医疗,2025-10-16 09:33:39,65.52,9500,65.43,U
sh603301,振德医疗,2025-10-16 09:33:42,65.44,10800,65.52,E
sh603301,振德医疗,2025-10-16 09:33:45,65.52,5700,65.44,U
sh603301,振德医疗,2025-10-16 09:33:48,65.43,5800,65.52,D
sh603301,振德医疗,2025-10-16 09:33:51,65.44,7300,65.43,U
sh603301,振德医疗,2025-10-16 09:33:54,65.34,11900,65.44,D
sh603301,振德医疗,2025-10-16 09:33:57,65.42,14000,65.34,E
sh603301,振德医疗,2025-10-16 09:34:00,65.42,3900,65.42,U
sh603301,振德医疗,2025-10-16 09:34:03,65.56,16373,65.42,U
sh603301,振德医疗,2025-10-16 09:34:06,65.68,14500,65.56,U
sh603301,振德医疗,2025-10-16 09:34:09,65.83,12600,65.68,U
sh603301,振德医疗,2025-10-16 09:34:15,65.93,7500,65.8,U
sh603301,振德医疗,2025-10-16 09:34:18,65.9,7600,65.93,D
sh603301,振德医疗,2025-10-16 09:34:21,65.93,6300,65.9,E
sh603301,振德医疗,2025-10-16 09:34:24,65.98,5700,65.93,U
sh603301,振德医疗,2025-10-16 09:34:27,65.94,6900,65.98,E
sh603301,振德医疗,2025-10-16 09:34:30,65.93,10600,65.94,D
sh603301,振德医疗,2025-10-16 09:34:33,65.94,17200,65.93,D
sh603301,振德医疗,2025-10-16 09:34:36,65.98,10700,65.94,U
sh603301,振德医疗,2025-10-16 09:34:39,65.96,7400,65.98,D
sh603301,振德医疗,2025-10-16 09:34:42,66.0,13800,65.96,U
sh603301,振德医疗,2025-10-16 09:34:45,65.93,4600,66.0,E
sh603301,振德医疗,2025-10-16 09:34:48,66.06,25200,65.93,U
sh603301,振德医疗,2025-10-16 09:34:51,66.08,23200,66.06,U
sh603301,振德医疗,2025-10-16 09:34:54,65.95,60800,66.08,D
sh603301,振德医疗,2025-10-16 09:34:57,65.86,23000,65.95,D
sh603301,振德医疗,2025-10-16 09:35:00,65.91,12400,65.86,U
sh603301,振德医疗,2025-10-16 09:35:03,65.93,13000,65.91,E
sh603301,振德医疗,2025-10-16 09:35:06,65.88,7700,65.93,D
sh603301,振德医疗,2025-10-16 09:35:09,65.8,6800,65.88,D
sh603301,振德医疗,2025-10-16 09:35:15,65.71,4200,65.76,D
sh603301,振德医疗,2025-10-16 09:35:18,65.61,4300,65.71,D
sh603301,振德医疗,2025-10-16 09:35:21,65.6,8600,65.61,D
sh603301,振德医疗,2025-10-16 09:35:30,65.6,9600,65.56,U
sh603301,振德医疗,2025-10-16 09:35:33,65.6,24400,65.6,D
sh603301,振德医疗,2025-10-16 09:35:36,65.6,4400,65.6,D
sh603301,振德医疗,2025-10-16 09:35:39,65.57,6900,65.6,D
sh603301,振德医疗,2025-10-16 09:35:42,65.57,4500,65.57,D
sh603301,振德医疗,2025-10-16 09:35:45,65.57,10400,65.57,U
sh603301,振德医疗,2025-10-16 09:35:48,65.69,14300,65.57,U
sh603301,振德医疗,2025-10-16 09:35:51,65.77,6700,65.69,U
sh603301,振德医疗,2025-10-16 09:36:06,66.05,6300,65.95,U
sh603301,振德医疗,2025-10-16 09:36:09,66.0,3300,66.05,D
sh603301,振德医疗,2025-10-16 09:36:12,66.06,19500,66.0,D
sh603301,振德医疗,2025-10-16 09:36:15,66.05,7000,66.06,D
sh603301,振德医疗,2025-10-16 09:36:18,65.97,14240,66.05,D
sh603301,振德医疗,2025-10-16 09:36:21,65.96,3500,65.97,E
sh603301,振德医疗,2025-10-16 09:36:24,65.93,5300,65.96,E
sh603301,振德医疗,2025-10-16 09:36:30,65.76,6100,65.81,D
sh603301,振德医疗,2025-10-16 09:36:42,65.81,9800,65.76,U
sh603301,振德医疗,2025-10-16 09:36:45,65.78,4300,65.81,D
sh603301,振德医疗,2025-10-16 09:36:48,65.77,4400,65.78,D
sh603301,振德医疗,2025-10-16 09:36:54,65.78,19400,65.78,E
sh603301,振德医疗,2025-10-16 09:37:00,65.88,4600,65.8,U
sh603301,振德医疗,2025-10-16 09:37:03,65.88,15000,65.88,E
sh603301,振德医疗,2025-10-16 09:37:09,65.9,4800,65.88,U
sh603301,振德医疗,2025-10-16 09:37:12,65.99,14700,65.9,U
sh603301,振德医疗,2025-10-16 09:37:18,66.07,41600,65.99,U
sh603301,振德医疗,2025-10-16 09:37:21,66.14,18100,66.07,U
sh603301,振德医疗,2025-10-16 09:37:24,66.25,13700,66.14,U
sh603301,振德医疗,2025-10-16 09:37:27,66.28,13800,66.25,U
sh603301,振德医疗,2025-10-16 09:37:30,66.38,4400,66.28,U
sh603301,振德医疗,2025-10-16 09:37:33,66.38,9200,66.38,D
sh603301,振德医疗,2025-10-16 09:37:36,66.49,3500,66.38,U
sh603301,振德医疗,2025-10-16 09:37:39,66.5,4100,66.49,U
sh603301,振德医疗,2025-10-16 09:37:42,66.5,21200,66.5,U
sh603301,振德医疗,2025-10-16 09:37:45,66.5,13900,66.5,U
sh603301,振德医疗,2025-10-16 09:37:48,66.55,19300,66.5,U
sh603301,振德医疗,2025-10-16 09:37:51,66.55,13100,66.55,D
sh603301,振德医疗,2025-10-16 09:37:54,66.5,16600,66.55,D
sh603301,振德医疗,2025-10-16 09:37:57,66.5,8700,66.5,D
sh603301,振德医疗,2025-10-16 09:38:00,66.5,11000,66.5,U
sh603301,振德医疗,2025-10-16 09:38:03,66.45,46400,66.5,U
sh603301,振德医疗,2025-10-16 09:38:06,66.5,5200,66.45,U
sh603301,振德医疗,2025-10-16 09:38:09,66.5,11800,66.5,D
sh603301,振德医疗,2025-10-16 09:38:12,66.59,6560,66.5,U
sh603301,振德医疗,2025-10-16 09:38:15,66.66,10100,66.59,U
sh603301,振德医疗,2025-10-16 09:38:18,66.66,10200,66.66,U
sh603301,振德医疗,2025-10-16 09:38:21,66.68,5300,66.66,U
sh603301,振德医疗,2025-10-16 09:38:24,66.78,3700,66.68,U
sh603301,振德医疗,2025-10-16 09:38:27,66.79,11200,66.78,U
sh603301,振德医疗,2025-10-16 09:38:30,66.8,8100,66.79,U
sh603301,振德医疗,2025-10-16 09:38:33,66.86,19700,66.8,U
sh603301,振德医疗,2025-10-16 09:38:36,66.88,4200,66.86,U
sh603301,振德医疗,2025-10-16 09:38:39,66.9,14300,66.88,U
sh603301,振德医疗,2025-10-16 09:38:42,66.9,13800,66.9,U
sh603301,振德医疗,2025-10-16 09:38:45,66.94,25500,66.9,U
sh603301,振德医疗,2025-10-16 09:38:48,67.0,7800,66.94,U
sh603301,振德医疗,2025-10-16 09:38:51,66.99,15000,67.0,D
sh603301,振德医疗,2025-10-16 09:38:54,66.99,32000,66.99,U
sh603301,振德医疗,2025-10-16 09:38:57,66.99,11300,66.99,U
sh603301,振德医疗,2025-10-16 09:39:00,66.98,13400,66.99,E
sh603301,振德医疗,2025-10-16 09:39:03,66.98,17300,66.98,U
sh603301,振德医疗,2025-10-16 09:39:06,66.82,16900,66.98,D
sh603301,振德医疗,2025-10-16 09:39:09,66.8,9300,66.82,E
sh603301,振德医疗,2025-10-16 09:39:12,66.8,10100,66.8,D
sh603301,振德医疗,2025-10-16 09:39:15,66.97,8400,66.8,U
sh603301,振德医疗,2025-10-16 09:39:18,67.01,25367,66.97,U
sh603301,振德医疗,2025-10-16 09:39:21,67.17,9700,67.01,U
sh603301,振德医疗,2025-10-16 09:39:24,67.17,11300,67.17,D
sh603301,振德医疗,2025-10-16 09:39:27,67.39,6300,67.17,U
sh603301,振德医疗,2025-10-16 09:39:30,67.3,14900,67.39,E
sh603301,振德医疗,2025-10-16 09:39:33,67.29,8800,67.3,E
sh603301,振德医疗,2025-10-16 09:39:36,67.18,9600,67.29,D
sh603301,振德医疗,2025-10-16 09:39:39,67.07,16000,67.18,D
sh603301,振德医疗,2025-10-16 09:39:42,67.07,7600,67.07,U
sh603301,振德医疗,2025-10-16 09:39:45,67.07,6500,67.07,U
sh603301,振德医疗,2025-10-16 09:39:48,67.07,8700,67.07,D
sh603301,振德医疗,2025-10-16 09:39:51,67.07,6900,67.07,D
sh603301,振德医疗,2025-10-16 09:39:54,67.2,6100,67.07,U
sh603301,振德医疗,2025-10-16 09:39:57,67.13,5600,67.2,E
sh603301,振德医疗,2025-10-16 09:40:00,67.19,9200,67.13,U
sh603301,振德医疗,2025-10-16 09:40:03,67.18,27300,67.19,U
sh603301,振德医疗,2025-10-16 09:40:06,67.2,13700,67.18,U
sh603301,振德医疗,2025-10-16 09:40:09,67.23,8900,67.2,U
sh603301,振德医疗,2025-10-16 09:40:12,67.23,6100,67.23,D
sh603301,振德医疗,2025-10-16 09:40:15,67.23,23300,67.23,U
sh603301,振德医疗,2025-10-16 09:40:18,67.12,15600,67.23,D
sh603301,振德医疗,2025-10-16 09:40:21,66.97,22900,67.12,D
sh603301,振德医疗,2025-10-16 09:40:24,66.91,5900,66.97,D
sh603301,振德医疗,2025-10-16 09:40:30,66.91,3700,66.83,U
sh603301,振德医疗,2025-10-16 09:40:33,66.78,3700,66.91,D
sh603301,振德医疗,2025-10-16 09:40:36,66.78,15100,66.78,D
sh603301,振德医疗,2025-10-16 09:40:39,66.75,5800,66.78,D
sh603301,振德医疗,2025-10-16 09:40:42,66.76,3300,66.75,U
sh603301,振德医疗,2025-10-16 09:40:48,66.73,5400,66.75,E
sh603301,振德医疗,2025-10-16 09:40:51,66.73,3000,66.73,U
sh603301,振德医疗,2025-10-16 09:41:00,66.66,8200,66.66,D
sh603301,振德医疗,2025-10-16 09:41:03,66.62,8200,66.66,D
sh603301,振德医疗,2025-10-16 09:41:09,66.57,22000,66.59,D
sh603301,振德医疗,2025-10-16 09:41:12,66.6,6700,66.57,U
sh603301,振德医疗,2025-10-16 09:41:15,66.58,7800,66.6,D
sh603301,振德医疗,2025-10-16 09:41:18,66.57,10700,66.58,D
sh603301,振德医疗,2025-10-16 09:41:21,66.57,22300,66.57,U
sh603301,振德医疗,2025-10-16 09:41:33,66.66,9900,66.6,U
sh603301,振德医疗,2025-10-16 09:41:36,66.6,11700,66.66,D
sh603301,振德医疗,2025-10-16 09:41:39,66.5,14400,66.6,D
sh603301,振德医疗,2025-10-16 09:41:42,66.45,8000,66.5,D
sh603301,振德医疗,2025-10-16 09:41:54,66.4,3100,66.4,U
sh603301,振德医疗,2025-10-16 09:41:57,66.41,4500,66.4,U
sh603301,振德医疗,2025-10-16 09:42:00,66.44,21600,66.41,U
sh603301,振德医疗,2025-10-16 09:42:09,66.5,8000,66.5,E
sh603301,振德医疗,2025-10-16 09:42:15,66.56,6300,66.51,U
sh603301,振德医疗,2025-10-16 09:42:18,66.57,3600,66.56,U
sh603301,振德医疗,2025-10-16 09:42:21,66.59,3100,66.57,U
sh603301,振德医疗,2025-10-16 09:42:27,66.58,8900,66.66,D
sh603301,振德医疗,2025-10-16 09:42:33,66.77,12800,66.71,U
sh603301,振德医疗,2025-10-16 09:42:45,66.98,4900,66.89,U
sh603301,振德医疗,2025-10-16 09:42:48,66.85,6800,66.98,D
sh603301,振德医疗,2025-10-16 09:42:51,66.89,6700,66.85,U
sh603301,振德医疗,2025-10-16 09:42:54,66.78,11100,66.89,D
sh603301,振德医疗,2025-10-16 09:42:57,66.78,4600,66.78,U
sh603301,振德医疗,2025-10-16 09:43:00,66.78,3800,66.78,U
sh603301,振德医疗,2025-10-16 09:43:03,66.88,6400,66.78,E
sh603301,振德医疗,2025-10-16 09:43:12,66.89,7000,66.89,D
sh603301,振德医疗,2025-10-16 09:43:15,66.86,7700,66.89,D
sh603301,振德医疗,2025-10-16 09:43:18,66.89,11400,66.86,U
sh603301,振德医疗,2025-10-16 09:43:24,66.87,7400,66.89,D
sh603301,振德医疗,2025-10-16 09:43:27,66.85,3000,66.87,E
sh603301,振德医疗,2025-10-16 09:43:39,66.75,4400,66.81,D
sh603301,振德医疗,2025-10-16 09:43:42,66.71,10100,66.75,D
sh603301,振德医疗,2025-10-16 09:43:48,66.75,6400,66.7,U
sh603301,振德医疗,2025-10-16 09:43:57,66.7,5000,66.66,U
sh603301,振德医疗,2025-10-16 09:44:00,66.71,4000,66.7,E
sh603301,振德医疗,2025-10-16 09:44:06,66.88,4500,66.85,U
sh603301,振德医疗,2025-10-16 09:44:09,66.89,5100,66.88,U
sh603301,振德医疗,2025-10-16 09:44:18,67.0,10200,66.99,U
sh603301,振德医疗,2025-10-16 09:44:21,67.07,4600,67.0,U
sh603301,振德医疗,2025-10-16 09:44:24,67.15,3600,67.07,U
sh603301,振德医疗,2025-10-16 09:44:30,67.2,14900,67.15,U
sh603301,振德医疗,2025-10-16 09:44:33,67.23,4100,67.2,U
sh603301,振德医疗,2025-10-16 09:44:39,67.29,5900,67.23,U
sh603301,振德医疗,2025-10-16 09:44:42,67.3,15400,67.29,U
sh603301,振德医疗,2025-10-16 09:44:45,67.36,11800,67.3,U
sh603301,振德医疗,2025-10-16 09:44:48,67.39,3800,67.36,U
sh603301,振德医疗,2025-10-16 09:44:51,67.4,3500,67.39,U
sh603301,振德医疗,2025-10-16 09:44:54,67.4,7600,67.4,U
sh603301,振德医疗,2025-10-16 09:44:57,67.4,15000,67.4,D
sh603301,振德医疗,2025-10-16 09:45:00,67.43,4900,67.4,E
sh603301,振德医疗,2025-10-16 09:45:03,67.48,16000,67.43,U
sh603301,振德医疗,2025-10-16 09:45:06,67.43,16200,67.48,D
sh603301,振德医疗,2025-10-16 09:45:09,67.43,10200,67.43,E
sh603301,振德医疗,2025-10-16 09:45:12,67.48,89300,67.43,U
sh603301,振德医疗,2025-10-16 09:45:15,67.48,3000,67.48,D
sh603301,振德医疗,2025-10-16 09:45:18,67.55,13800,67.48,U
sh603301,振德医疗,2025-10-16 09:45:21,67.6,9500,67.55,U
sh603301,振德医疗,2025-10-16 09:45:24,67.59,7400,67.6,E
sh603301,振德医疗,2025-10-16 09:45:27,67.68,6100,67.59,U
sh603301,振德医疗,2025-10-16 09:45:30,67.79,8800,67.68,U
sh603301,振德医疗,2025-10-16 09:45:33,67.85,10000,67.79,U
sh603301,振德医疗,2025-10-16 09:45:36,67.9,9100,67.85,U
sh603301,振德医疗,2025-10-16 09:45:39,67.9,3200,67.9,U
sh603301,振德医疗,2025-10-16 09:45:45,67.98,32900,67.95,U
sh603301,振德医疗,2025-10-16 09:45:48,67.99,8400,67.98,U
sh603301,振德医疗,2025-10-16 09:45:51,67.98,22800,67.99,E
sh603301,振德医疗,2025-10-16 09:45:54,67.99,15500,67.98,U
sh603301,振德医疗,2025-10-16 09:45:57,68.0,23500,67.99,U
sh603301,振德医疗,2025-10-16 09:46:00,68.0,17800,68.0,U
sh603301,振德医疗,2025-10-16 09:46:03,67.98,14900,68.0,D
sh603301,振德医疗,2025-10-16 09:46:06,67.98,24000,67.98,U
sh603301,振德医疗,2025-10-16 09:46:09,67.87,7200,67.98,D
sh603301,振德医疗,2025-10-16 09:46:12,67.8,10600,67.87,D
sh603301,振德医疗,2025-10-16 09:46:15,67.85,8600,67.8,U
sh603301,振德医疗,2025-10-16 09:46:21,67.85,7000,67.85,U
sh603301,振德医疗,2025-10-16 09:46:24,67.85,9200,67.85,U
sh603301,振德医疗,2025-10-16 09:46:27,67.73,6500,67.85,E
sh603301,振德医疗,2025-10-16 09:46:30,67.81,5000,67.73,U
sh603301,振德医疗,2025-10-16 09:46:33,67.83,20500,67.81,E
sh603301,振德医疗,2025-10-16 09:46:36,67.85,13051,67.83,E
sh603301,振德医疗,2025-10-16 09:46:39,67.98,6500,67.85,U
sh603301,振德医疗,2025-10-16 09:46:42,67.89,5900,67.98,D
sh603301,振德医疗,2025-10-16 09:46:45,68.09,94400,67.89,U
sh603301,振德医疗,2025-10-16 09:46:48,68.09,13800,68.09,U
sh603301,振德医疗,2025-10-16 09:46:51,68.44,11800,68.09,U
sh603301,振德医疗,2025-10-16 09:46:54,68.67,16800,68.44,U
sh603301,振德医疗,2025-10-16 09:47:00,68.75,16200,68.74,U
sh603301,振德医疗,2025-10-16 09:47:03,68.86,11900,68.75,U
sh603301,振德医疗,2025-10-16 09:47:06,68.88,15900,68.86,U
sh603301,振德医疗,2025-10-16 09:47:09,68.9,23600,68.88,U
sh603301,振德医疗,2025-10-16 09:47:15,68.91,19500,68.9,E
sh603301,振德医疗,2025-10-16 09:47:18,68.98,18800,68.91,U
sh603301,振德医疗,2025-10-16 09:47:21,68.98,15800,68.98,D
sh603301,振德医疗,2025-10-16 09:47:24,68.99,13000,68.98,U
sh603301,振德医疗,2025-10-16 09:47:27,68.99,21200,68.99,U
sh603301,振德医疗,2025-10-16 09:47:30,69.0,34000,68.99,U
sh603301,振德医疗,2025-10-16 09:47:33,69.0,9400,69.0,U
sh603301,振德医疗,2025-10-16 09:47:36,68.99,15200,69.0,E
sh603301,振德医疗,2025-10-16 09:47:39,68.77,71300,68.99,D
sh603301,振德医疗,2025-10-16 09:47:42,68.6,14900,68.77,D
sh603301,振德医疗,2025-10-16 09:47:45,68.6,5100,68.6,U
sh603301,振德医疗,2025-10-16 09:47:48,68.3,7200,68.6,U
sh603301,振德医疗,2025-10-16 09:47:51,68.01,8900,68.3,D
sh603301,振德医疗,2025-10-16 09:47:54,68.02,9500,68.01,U
sh603301,振德医疗,2025-10-16 09:47:57,68.18,3600,68.02,U
sh603301,振德医疗,2025-10-16 09:48:00,68.18,24100,68.18,U
sh603301,振德医疗,2025-10-16 09:48:06,68.2,7320,68.19,U
sh603301,振德医疗,2025-10-16 09:48:09,68.2,26000,68.2,D
sh603301,振德医疗,2025-10-16 09:48:12,68.3,7600,68.2,U
sh603301,振德医疗,2025-10-16 09:48:15,68.73,54800,68.3,U
sh603301,振德医疗,2025-10-16 09:48:18,68.75,9700,68.73,U
sh603301,振德医疗,2025-10-16 09:48:21,68.62,3800,68.75,E
sh603301,振德医疗,2025-10-16 09:48:24,68.75,5200,68.62,U
sh603301,振德医疗,2025-10-16 09:48:27,68.76,8100,68.75,E
sh603301,振德医疗,2025-10-16 09:48:30,68.75,27100,68.76,D
sh603301,振德医疗,2025-10-16 09:48:33,68.7,13300,68.75,D
sh603301,振德医疗,2025-10-16 09:48:36,68.75,5800,68.7,U
sh603301,振德医疗,2025-10-16 09:48:39,68.7,8800,68.75,U
sh603301,振德医疗,2025-10-16 09:48:42,68.75,3900,68.7,U
sh603301,振德医疗,2025-10-16 09:48:45,68.74,6800,68.75,E
sh603301,振德医疗,2025-10-16 09:48:48,68.74,26200,68.74,U
sh603301,振德医疗,2025-10-16 09:48:51,68.69,3000,68.74,E
sh603301,振德医疗,2025-10-16 09:48:54,68.69,3500,68.69,U
sh603301,振德医疗,2025-10-16 09:48:57,68.69,3300,68.69,D
sh603301,振德医疗,2025-10-16 09:49:00,68.69,3200,68.69,U
sh603301,振德医疗,2025-10-16 09:49:03,68.61,4600,68.69,E
sh603301,振德医疗,2025-10-16 09:49:06,68.4,9700,68.61,D
sh603301,振德医疗,2025-10-16 09:49:15,68.29,5300,68.3,D
sh603301,振德医疗,2025-10-16 09:49:18,68.29,10000,68.29,D
sh603301,振德医疗,2025-10-16 09:49:24,68.3,10300,68.29,E
sh603301,振德医疗,2025-10-16 09:49:27,68.29,11200,68.3,D
sh603301,振德医疗,2025-10-16 09:49:30,68.27,4500,68.29,E
sh603301,振德医疗,2025-10-16 09:49:33,68.2,4100,68.27,D
sh603301,振德医疗,2025-10-16 09:49:36,68.2,6300,68.2,D
sh603301,振德医疗,2025-10-16 09:49:39,68.29,14000,68.2,U
sh603301,振德医疗,2025-10-16 09:49:42,68.29,27100,68.29,U
sh603301,振德医疗,2025-10-16 09:49:45,68.55,14400,68.29,U
sh603301,振德医疗,2025-10-16 09:49:48,68.3,4800,68.55,D
sh603301,振德医疗,2025-10-16 09:49:51,68.69,10600,68.3,U
sh603301,振德医疗,2025-10-16 09:49:57,68.8,33400,68.69,U
sh603301,振德医疗,2025-10-16 09:50:00,68.75,5200,68.8,E
sh603301,振德医疗,2025-10-16 09:50:06,68.82,25500,68.75,U
sh603301,振德医疗,2025-10-16 09:50:12,68.84,9300,68.78,E
sh603301,振德医疗,2025-10-16 09:50:15,68.99,21400,68.84,U
sh603301,振德医疗,2025-10-16 09:50:18,68.97,7400,68.99,E
sh603301,振德医疗,2025-10-16 09:50:21,69.0,86500,68.97,U
sh603301,振德医疗,2025-10-16 09:50:24,69.0,13700,69.0,U
sh603301,振德医疗,2025-10-16 09:50:27,69.0,79500,69.0,U
sh603301,振德医疗,2025-10-16 09:50:30,69.0,20200,69.0,U
sh603301,振德医疗,2025-10-16 09:50:33,69.0,16900,69.0,D
sh603301,振德医疗,2025-10-16 09:50:36,69.01,14700,69.0,U
sh603301,振德医疗,2025-10-16 09:50:39,69.0,18300,69.01,D
sh603301,振德医疗,2025-10-16 09:50:42,69.0,9600,69.0,U
sh603301,振德医疗,2025-10-16 09:50:48,68.99,4700,68.99,U
sh603301,振德医疗,2025-10-16 09:50:54,68.99,8700,68.99,U
sh603301,振德医疗,2025-10-16 09:50:57,68.99,4300,68.99,U
sh603301,振德医疗,2025-10-16 09:51:00,68.9,4200,68.99,D
sh603301,振德医疗,2025-10-16 09:51:03,68.85,15100,68.9,D
sh603301,振德医疗,2025-10-16 09:51:06,68.73,12900,68.85,D
sh603301,振德医疗,2025-10-16 09:51:09,68.69,7400,68.73,D
sh603301,振德医疗,2025-10-16 09:51:12,68.73,3700,68.69,U
sh603301,振德医疗,2025-10-16 09:51:15,68.69,8300,68.73,D
sh603301,振德医疗,2025-10-16 09:51:18,68.7,12400,68.69,E
sh603301,振德医疗,2025-10-16 09:51:21,68.65,12100,68.7,D
sh603301,振德医疗,2025-10-16 09:51:24,68.69,5200,68.65,U
sh603301,振德医疗,2025-10-16 09:51:27,68.6,4200,68.69,D
sh603301,振德医疗,2025-10-16 09:51:33,68.47,9400,68.47,D
sh603301,振德医疗,2025-10-16 09:51:36,68.48,11956,68.47,D
sh603301,振德医疗,2025-10-16 09:51:39,68.47,7644,68.48,D
sh603301,振德医疗,2025-10-16 09:51:42,68.66,26056,68.47,U
sh603301,振德医疗,2025-10-16 09:51:45,68.85,3200,68.66,E
sh603301,振德医疗,2025-10-16 09:51:48,68.66,8300,68.85,D
sh603301,振德医疗,2025-10-16 09:51:51,68.86,8900,68.66,U
sh603301,振德医疗,2025-10-16 09:51:54,68.86,3600,68.86,D
sh603301,振德医疗,2025-10-16 09:51:57,68.85,3000,68.86,E
sh603301,振德医疗,2025-10-16 09:52:00,68.66,8800,68.85,D
sh603301,振德医疗,2025-10-16 09:52:03,68.82,7000,68.66,U
sh603301,振德医疗,2025-10-16 09:52:06,68.85,5500,68.82,U
sh603301,振德医疗,2025-10-16 09:52:15,68.84,3900,68.7,U
sh603301,振德医疗,2025-10-16 09:52:18,68.7,7200,68.84,D
sh603301,振德医疗,2025-10-16 09:52:21,68.72,5300,68.7,E
sh603301,振德医疗,2025-10-16 09:52:30,68.7,3400,68.76,D
sh603301,振德医疗,2025-10-16 09:52:36,68.62,5400,68.7,D
sh603301,振德医疗,2025-10-16 09:52:48,68.5,5144,68.5,D
sh603301,振德医疗,2025-10-16 09:53:06,68.4,6200,68.38,U
sh603301,振德医疗,2025-10-16 09:53:09,68.37,4600,68.4,D
sh603301,振德医疗,2025-10-16 09:53:12,68.34,15500,68.37,D
sh603301,振德医疗,2025-10-16 09:53:15,68.63,33456,68.34,U
sh603301,振德医疗,2025-10-16 09:53:18,68.5,5100,68.63,D
sh603301,振德医疗,2025-10-16 09:53:21,68.5,7700,68.5,D
sh603301,振德医疗,2025-10-16 09:53:30,68.71,11328,68.63,U
sh603301,振德医疗,2025-10-16 09:53:33,68.8,25200,68.71,U
sh603301,振德医疗,2025-10-16 09:53:36,68.8,7400,68.8,U
sh603301,振德医疗,2025-10-16 09:53:45,68.79,3900,68.78,D
sh603301,振德医疗,2025-10-16 09:54:00,68.63,3900,68.71,D
sh603301,振德医疗,2025-10-16 09:54:09,68.7,10800,68.6,U
sh603301,振德医疗,2025-10-16 09:54:30,68.72,8700,68.68,U
sh603301,振德医疗,2025-10-16 09:54:33,68.79,9500,68.72,U
sh603301,振德医疗,2025-10-16 09:54:36,68.8,17500,68.79,U
sh603301,振德医疗,2025-10-16 09:54:39,68.85,3600,68.8,U
sh603301,振德医疗,2025-10-16 09:54:42,68.85,3600,68.85,U
sh603301,振德医疗,2025-10-16 09:54:45,68.85,6900,68.85,D
sh603301,振德医疗,2025-10-16 09:54:54,68.82,4100,68.83,D
sh603301,振德医疗,2025-10-16 09:54:57,68.82,4600,68.82,U
sh603301,振德医疗,2025-10-16 09:55:00,68.74,4500,68.82,D
sh603301,振德医疗,2025-10-16 09:55:03,68.74,4400,68.74,U
sh603301,振德医疗,2025-10-16 09:55:21,68.66,3200,68.66,D
sh603301,振德医疗,2025-10-16 09:55:24,68.6,5700,68.66,D
sh603301,振德医疗,2025-10-16 09:55:30,68.6,3800,68.66,D
sh603301,振德医疗,2025-10-16 09:55:33,68.6,3300,68.6,D
sh603301,振德医疗,2025-10-16 09:55:39,68.59,3500,68.6,E
sh603301,振德医疗,2025-10-16 09:55:42,68.52,5100,68.59,D
sh603301,振德医疗,2025-10-16 09:55:48,68.57,4900,68.6,E
sh603301,振德医疗,2025-10-16 09:56:03,68.54,19247,68.41,U
sh603301,振德医疗,2025-10-16 09:56:06,68.57,11300,68.54,U
sh603301,振德医疗,2025-10-16 09:56:09,68.41,9100,68.57,D
sh603301,振德医疗,2025-10-16 09:56:24,68.52,22100,68.42,U
sh603301,振德医疗,2025-10-16 09:56:27,68.66,25400,68.52,U
sh603301,振德医疗,2025-10-16 09:56:30,68.74,6800,68.66,U
sh603301,振德医疗,2025-10-16 09:56:33,68.76,30142,68.74,U
sh603301,振德医疗,2025-10-16 09:56:36,68.64,10200,68.76,D
sh603301,振德医疗,2025-10-16 09:56:42,68.67,3600,68.57,U
sh603301,振德医疗,2025-10-16 09:56:51,68.57,5200,68.52,E
sh603301,振德医疗,2025-10-16 09:57:00,68.39,13100,68.5,D
sh603301,振德医疗,2025-10-16 09:57:06,68.3,7800,68.57,D
sh603301,振德医疗,2025-10-16 09:57:09,68.29,16500,68.3,D
sh603301,振德医疗,2025-10-16 09:57:21,68.18,5500,68.24,D
sh603301,振德医疗,2025-10-16 09:57:30,68.06,3500,68.16,D
sh603301,振德医疗,2025-10-16 09:57:33,68.06,15100,68.06,D
sh603301,振德医疗,2025-10-16 09:57:36,68.04,31500,68.06,D
sh603301,振德医疗,2025-10-16 09:57:39,68.01,5700,68.04,D
sh603301,振德医疗,2025-10-16 09:57:42,68.01,9600,68.01,D
sh603301,振德医疗,2025-10-16 09:57:45,68.0,9300,68.01,D
sh603301,振德医疗,2025-10-16 09:57:48,68.0,27600,68.0,D
sh603301,振德医疗,2025-10-16 09:57:51,68.0,61500,68.0,D
sh603301,振德医疗,2025-10-16 09:58:06,67.8,11100,67.81,D
sh603301,振德医疗,2025-10-16 09:58:09,67.81,9700,67.8,U
sh603301,振德医疗,2025-10-16 09:58:12,67.86,26307,67.81,U
sh603301,振德医疗,2025-10-16 09:58:15,67.8,12793,67.86,D
sh603301,振德医疗,2025-10-16 09:58:18,67.97,11167,67.8,U
sh603301,振德医疗,2025-10-16 09:58:21,68.03,30200,67.97,U
sh603301,振德医疗,2025-10-16 09:58:24,67.97,16900,68.03,D
sh603301,振德医疗,2025-10-16 09:58:27,68.1,6800,67.97,U
sh603301,振德医疗,2025-10-16 09:58:36,68.0,3200,68.02,D
sh603301,振德医疗,2025-10-16 09:58:39,68.0,4600,68.0,U
sh603301,振德医疗,2025-10-16 09:58:42,68.0,6800,68.0,U
sh603301,振德医疗,2025-10-16 09:58:45,68.0,11500,68.0,U
sh603301,振德医疗,2025-10-16 09:58:48,67.9,6000,68.0,D
sh603301,振德医疗,2025-10-16 09:59:06,67.82,3000,67.83,D
sh603301,振德医疗,2025-10-16 09:59:12,67.8,15000,67.81,D
sh603301,振德医疗,2025-10-16 09:59:15,67.82,6433,67.8,U
sh603301,振德医疗,2025-10-16 09:59:24,67.76,3700,67.78,D
sh603301,振德医疗,2025-10-16 09:59:42,67.61,4900,67.63,D
sh603301,振德医疗,2025-10-16 09:59:48,67.6,4700,67.61,D
sh603301,振德医疗,2025-10-16 09:59:51,67.6,6200,67.6,D
sh603301,振德医疗,2025-10-16 10:00:00,67.5,5100,67.5,D
sh603301,振德医疗,2025-10-16 10:00:03,67.5,9800,67.5,D
sh603301,振德医疗,2025-10-16 10:00:06,67.48,15800,67.5,D
sh603301,振德医疗,2025-10-16 10:00:18,67.39,10200,67.29,U
sh603301,振德医疗,2025-10-16 10:00:21,67.29,3400,67.39,D
sh603301,振德医疗,2025-10-16 10:00:24,67.29,8200,67.29,D
sh603301,振德医疗,2025-10-16 10:00:27,67.29,3500,67.29,D
sh603301,振德医疗,2025-10-16 10:00:30,67.3,6400,67.29,U
sh603301,振德医疗,2025-10-16 10:00:33,67.3,5700,67.3,E
sh603301,振德医疗,2025-10-16 10:00:36,67.29,3100,67.3,D
sh603301,振德医疗,2025-10-16 10:00:39,67.29,13700,67.29,U
sh603301,振德医疗,2025-10-16 10:00:42,67.31,6900,67.29,U
sh603301,振德医疗,2025-10-16 10:00:45,67.27,4000,67.31,D
sh603301,振德医疗,2025-10-16 10:01:00,67.25,3900,67.26,D
sh603301,振德医疗,2025-10-16 10:01:03,67.25,4000,67.25,D
sh603301,振德医疗,2025-10-16 10:01:09,67.22,4400,67.25,E
sh603301,振德医疗,2025-10-16 10:01:12,67.25,3200,67.22,U
sh603301,振德医疗,2025-10-16 10:01:15,67.27,3867,67.25,U
sh603301,振德医疗,2025-10-16 10:01:21,67.33,3200,67.27,U
sh603301,振德医疗,2025-10-16 10:01:24,67.39,3100,67.33,U
sh603301,振德医疗,2025-10-16 10:01:36,67.5,3400,67.5,U
sh603301,振德医疗,2025-10-16 10:01:42,67.6,5600,67.6,U
sh603301,振德医疗,2025-10-16 10:01:48,67.81,6400,67.73,U
sh603301,振德医疗,2025-10-16 10:01:54,67.85,8800,67.81,U
sh603301,振德医疗,2025-10-16 10:01:57,67.87,5700,67.85,D
sh603301,振德医疗,2025-10-16 10:02:03,67.88,9700,67.88,U
sh603301,振德医疗,2025-10-16 10:02:06,67.94,7200,67.88,U
sh603301,振德医疗,2025-10-16 10:02:09,67.88,4000,67.94,D
sh603301,振德医疗,2025-10-16 10:02:15,67.78,4700,67.8,D
sh603301,振德医疗,2025-10-16 10:02:18,67.87,10700,67.78,U
sh603301,振德医疗,2025-10-16 10:02:27,67.78,3600,67.8,D
sh603301,振德医疗,2025-10-16 10:02:39,67.78,4700,67.77,U
sh603301,振德医疗,2025-10-16 10:02:57,67.78,7700,67.79,D
sh603301,振德医疗,2025-10-16 10:03:21,67.77,8800,67.77,D
sh603301,振德医疗,2025-10-16 10:03:33,67.76,6700,67.78,D
sh603301,振德医疗,2025-10-16 10:03:48,67.72,8500,67.75,D
sh603301,振德医疗,2025-10-16 10:04:12,67.69,8700,67.69,D
sh603301,振德医疗,2025-10-16 10:04:15,67.77,5400,67.69,U
sh603301,振德医疗,2025-10-16 10:04:21,67.79,6300,67.79,U
sh603301,振德医疗,2025-10-16 10:04:24,67.78,3100,67.79,D
sh603301,振德医疗,2025-10-16 10:04:45,67.99,7100,67.99,D
sh603301,振德医疗,2025-10-16 10:04:48,67.99,11900,67.99,E
sh603301,振德医疗,2025-10-16 10:04:51,67.97,5100,67.99,E
sh603301,振德医疗,2025-10-16 10:05:03,67.85,8200,67.85,D
sh603301,振德医疗,2025-10-16 10:05:06,67.78,12200,67.85,D
sh603301,振德医疗,2025-10-16 10:05:30,67.66,3200,67.68,D
sh603301,振德医疗,2025-10-16 10:05:57,67.66,6192,67.69,D
sh603301,振德医疗,2025-10-16 10:06:39,67.64,3400,67.61,U
sh603301,振德医疗,2025-10-16 10:07:12,67.67,5900,67.65,U
sh603301,振德医疗,2025-10-16 10:07:24,67.72,7492,67.73,D
sh603301,振德医疗,2025-10-16 10:07:30,67.73,9000,67.75,E
sh603301,振德医疗,2025-10-16 10:07:33,67.58,11000,67.73,D
sh603301,振德医疗,2025-10-16 10:07:36,67.51,4200,67.58,D
sh603301,振德医疗,2025-10-16 10:07:39,67.45,7800,67.51,D
sh603301,振德医疗,2025-10-16 10:08:09,67.38,3300,67.39,D
sh603301,振德医疗,2025-10-16 10:08:12,67.35,4500,67.38,D
sh603301,振德医疗,2025-10-16 10:08:21,67.29,6000,67.33,D
sh603301,振德医疗,2025-10-16 10:08:33,67.28,6700,67.29,U
sh603301,振德医疗,2025-10-16 10:08:36,67.3,3700,67.28,U
sh603301,振德医疗,2025-10-16 10:08:39,67.34,6300,67.3,U
sh603301,振德医疗,2025-10-16 10:08:42,67.25,6900,67.34,D
sh603301,振德医疗,2025-10-16 10:08:57,67.25,3400,67.24,U
sh603301,振德医疗,2025-10-16 10:09:00,67.22,5500,67.25,D
sh603301,振德医疗,2025-10-16 10:09:12,67.2,3200,67.19,U
sh603301,振德医疗,2025-10-16 10:09:18,67.25,11900,67.17,U
sh603301,振德医疗,2025-10-16 10:09:21,67.2,3300,67.25,D
sh603301,振德医疗,2025-10-16 10:09:24,67.25,5100,67.2,U
sh603301,振德医疗,2025-10-16 10:10:06,67.45,4800,67.47,D
sh603301,振德医疗,2025-10-16 10:10:09,67.41,4300,67.45,D
sh603301,振德医疗,2025-10-16 10:10:12,67.37,3800,67.41,D
sh603301,振德医疗,2025-10-16 10:10:15,67.32,4600,67.37,D
sh603301,振德医疗,2025-10-16 10:10:30,67.18,11600,67.2,D
sh603301,振德医疗,2025-10-16 10:10:33,67.2,3200,67.18,U
sh603301,振德医疗,2025-10-16 10:10:39,67.17,5500,67.2,D
sh603301,振德医疗,2025-10-16 10:10:45,67.18,16200,67.17,U
sh603301,振德医疗,2025-10-16 10:10:57,67.1,8800,67.15,D
sh603301,振德医疗,2025-10-16 10:11:00,67.07,6900,67.1,D
sh603301,振德医疗,2025-10-16 10:11:09,67.08,5200,67.08,D
sh603301,振德医疗,2025-10-16 10:11:15,67.07,7700,67.08,D
sh603301,振德医疗,2025-10-16 10:11:21,67.05,3400,67.06,D
sh603301,振德医疗,2025-10-16 10:11:27,67.03,6900,67.05,D
sh603301,振德医疗,2025-10-16 10:11:30,67.0,12500,67.03,D
sh603301,振德医疗,2025-10-16 10:11:33,67.0,4300,67.0,D
sh603301,振德医疗,2025-10-16 10:11:36,67.0,44700,67.0,D
sh603301,振德医疗,2025-10-16 10:11:39,66.98,25000,67.0,D
sh603301,振德医疗,2025-10-16 10:11:45,66.84,6100,66.91,D
sh603301,振德医疗,2025-10-16 10:12:00,66.69,6800,66.69,E
sh603301,振德医疗,2025-10-16 10:12:03,66.69,5400,66.69,U
sh603301,振德医疗,2025-10-16 10:12:09,66.66,9100,66.67,D
sh603301,振德医疗,2025-10-16 10:12:12,66.64,6500,66.66,D
sh603301,振德医疗,2025-10-16 10:12:18,66.65,3200,66.64,U
sh603301,振德医疗,2025-10-16 10:12:21,66.63,6800,66.65,D
sh603301,振德医疗,2025-10-16 10:12:27,66.64,19400,66.61,U
sh603301,振德医疗,2025-10-16 10:12:30,66.65,17900,66.64,U
sh603301,振德医疗,2025-10-16 10:12:33,66.65,7100,66.65,D
sh603301,振德医疗,2025-10-16 10:12:36,66.71,31999,66.65,U
sh603301,振德医疗,2025-10-16 10:12:39,66.71,4900,66.71,U
sh603301,振德医疗,2025-10-16 10:12:57,67.0,6400,67.0,U
sh603301,振德医疗,2025-10-16 10:13:06,67.05,8900,67.0,U
sh603301,振德医疗,2025-10-16 10:13:09,67.05,3800,67.05,D
sh603301,振德医疗,2025-10-16 10:13:18,67.06,5600,67.07,D
sh603301,振德医疗,2025-10-16 10:13:30,67.09,4600,67.06,U
sh603301,振德医疗,2025-10-16 10:13:48,67.23,3800,67.18,U
sh603301,振德医疗,2025-10-16 10:14:15,67.5,3200,67.5,D
sh603301,振德医疗,2025-10-16 10:14:30,67.73,5300,67.7,U
sh603301,振德医疗,2025-10-16 10:14:33,67.8,5800,67.73,U
sh603301,振德医疗,2025-10-16 10:14:36,67.83,3800,67.8,U
sh603301,振德医疗,2025-10-16 10:14:45,67.9,3600,67.85,U
sh603301,振德医疗,2025-10-16 10:14:57,67.96,3000,67.93,U
sh603301,振德医疗,2025-10-16 10:15:00,67.96,4500,67.96,U
sh603301,振德医疗,2025-10-16 10:15:06,67.85,5900,67.93,D
sh603301,振德医疗,2025-10-16 10:15:12,67.77,6900,67.84,D
sh603301,振德医疗,2025-10-16 10:15:15,67.74,6100,67.77,D
sh603301,振德医疗,2025-10-16 10:15:18,67.74,3600,67.74,D
sh603301,振德医疗,2025-10-16 10:15:21,67.74,7800,67.74,D
sh603301,振德医疗,2025-10-16 10:15:24,67.8,9100,67.74,U
sh603301,振德医疗,2025-10-16 10:15:27,67.85,3700,67.8,U
sh603301,振德医疗,2025-10-16 10:15:30,67.9,4900,67.85,U
sh603301,振德医疗,2025-10-16 10:15:36,67.83,7800,67.91,D
sh603301,振德医疗,2025-10-16 10:15:45,67.8,6900,67.8,U
sh603301,振德医疗,2025-10-16 10:15:48,67.8,3800,67.8,U
sh603301,振德医疗,2025-10-16 10:15:57,67.79,5400,67.9,D
sh603301,振德医疗,2025-10-16 10:16:06,67.93,12700,67.9,U
sh603301,振德医疗,2025-10-16 10:16:09,68.1,19240,67.93,U
sh603301,振德医疗,2025-10-16 10:16:12,68.3,8600,68.1,U
sh603301,振德医疗,2025-10-16 10:16:15,68.4,12500,68.3,U
sh603301,振德医疗,2025-10-16 10:16:18,68.5,5900,68.4,U
sh603301,振德医疗,2025-10-16 10:16:21,68.64,3400,68.5,U
sh603301,振德医疗,2025-10-16 10:16:24,68.64,4600,68.64,U
sh603301,振德医疗,2025-10-16 10:16:33,68.74,6100,68.7,E
sh603301,振德医疗,2025-10-16 10:16:39,68.5,5400,68.7,D
sh603301,振德医疗,2025-10-16 10:16:42,68.42,3100,68.5,E
sh603301,振德医疗,2025-10-16 10:16:48,68.39,5300,68.4,D
sh603301,振德医疗,2025-10-16 10:16:51,68.4,7900,68.39,U
sh603301,振德医疗,2025-10-16 10:16:57,68.38,11600,68.39,D
sh603301,振德医疗,2025-10-16 10:17:03,68.37,3600,68.38,D
sh603301,振德医疗,2025-10-16 10:17:09,68.38,4000,68.38,U
sh603301,振德医疗,2025-10-16 10:17:18,68.37,3100,68.22,U
sh603301,振德医疗,2025-10-16 10:17:33,68.35,4100,68.36,E
sh603301,振德医疗,2025-10-16 10:17:36,68.34,3100,68.35,E
sh603301,振德医疗,2025-10-16 10:17:42,68.34,3200,68.34,D
sh603301,振德医疗,2025-10-16 10:17:51,68.33,3000,68.24,U
sh603301,振德医疗,2025-10-16 10:18:21,68.34,35300,68.25,U
sh603301,振德医疗,2025-10-16 10:18:24,68.36,11000,68.34,U
sh603301,振德医疗,2025-10-16 10:18:27,68.36,13100,68.36,U
sh603301,振德医疗,2025-10-16 10:18:30,68.36,8000,68.36,U
sh603301,振德医疗,2025-10-16 10:18:36,68.37,15000,68.37,D
sh603301,振德医疗,2025-10-16 10:18:39,68.42,3100,68.37,U
sh603301,振德医疗,2025-10-16 10:18:51,68.49,13900,68.5,D
sh603301,振德医疗,2025-10-16 10:19:00,68.48,4600,68.49,D
sh603301,振德医疗,2025-10-16 10:19:21,68.41,3000,68.43,D
sh603301,振德医疗,2025-10-16 10:19:39,68.4,16100,68.4,D
sh603301,振德医疗,2025-10-16 10:19:42,68.47,17200,68.4,U
sh603301,振德医疗,2025-10-16 10:19:45,68.47,6500,68.47,U
sh603301,振德医疗,2025-10-16 10:20:18,68.3,3800,68.37,D
sh603301,振德医疗,2025-10-16 10:20:24,68.3,11600,68.3,D
sh603301,振德医疗,2025-10-16 10:20:27,68.25,9000,68.3,D
sh603301,振德医疗,2025-10-16 10:20:33,68.25,3400,68.2,U
sh603301,振德医疗,2025-10-16 10:20:39,68.19,5900,68.18,U
sh603301,振德医疗,2025-10-16 10:20:45,68.15,3500,68.16,D
sh603301,振德医疗,2025-10-16 10:20:48,68.14,5900,68.15,D
sh603301,振德医疗,2025-10-16 10:20:54,68.1,3100,68.11,D
sh603301,振德医疗,2025-10-16 10:21:00,68.1,3000,68.1,D
sh603301,振德医疗,2025-10-16 10:21:03,68.1,6225,68.1,D
sh603301,振德医疗,2025-10-16 10:21:06,68.15,7800,68.1,U
sh603301,振德医疗,2025-10-16 10:21:09,68.29,14900,68.15,U
sh603301,振德医疗,2025-10-16 10:21:12,68.34,3500,68.29,U
sh603301,振德医疗,2025-10-16 10:21:21,68.45,4100,68.41,U
sh603301,振德医疗,2025-10-16 10:21:24,68.49,8600,68.45,U
sh603301,振德医疗,2025-10-16 10:21:27,68.5,8900,68.49,U
sh603301,振德医疗,2025-10-16 10:21:30,68.5,7200,68.5,U
sh603301,振德医疗,2025-10-16 10:21:33,68.52,3100,68.5,U
sh603301,振德医疗,2025-10-16 10:21:39,68.58,3600,68.53,U
sh603301,振德医疗,2025-10-16 10:21:42,68.53,4200,68.58,D
sh603301,振德医疗,2025-10-16 10:21:45,68.57,5100,68.53,D
sh603301,振德医疗,2025-10-16 10:22:15,68.48,3000,68.49,D
sh603301,振德医疗,2025-10-16 10:22:36,68.48,3658,68.49,D
sh603301,振德医疗,2025-10-16 10:22:57,68.46,5700,68.47,D
sh603301,振德医疗,2025-10-16 10:23:06,68.44,10800,68.46,D
sh603301,振德医疗,2025-10-16 10:23:12,68.44,3200,68.45,D
sh603301,振德医疗,2025-10-16 10:23:24,68.49,39374,68.43,U
sh603301,振德医疗,2025-10-16 10:23:27,68.55,23842,68.49,U
sh603301,振德医疗,2025-10-16 10:23:30,68.56,15900,68.55,U
sh603301,振德医疗,2025-10-16 10:23:33,68.56,6000,68.56,U
sh603301,振德医疗,2025-10-16 10:23:39,68.56,4400,68.56,U
sh603301,振德医疗,2025-10-16 10:23:42,68.56,3300,68.56,U
sh603301,振德医疗,2025-10-16 10:23:45,68.56,4300,68.56,D
sh603301,振德医疗,2025-10-16 10:23:51,68.56,4400,68.57,U
sh603301,振德医疗,2025-10-16 10:23:57,68.59,5000,68.56,U
sh603301,振德医疗,2025-10-16 10:24:09,68.59,4300,68.6,D
sh603301,振德医疗,2025-10-16 10:24:27,68.58,4100,68.58,D
sh603301,振德医疗,2025-10-16 10:24:30,68.58,3900,68.58,D
sh603301,振德医疗,2025-10-16 10:24:39,68.58,5300,68.57,U
sh603301,振德医疗,2025-10-16 10:24:42,68.65,11000,68.58,U
sh603301,振德医疗,2025-10-16 10:24:45,68.66,5200,68.65,U
sh603301,振德医疗,2025-10-16 10:24:54,68.6,4600,68.66,D
sh603301,振德医疗,2025-10-16 10:24:57,68.6,3400,68.6,U
sh603301,振德医疗,2025-10-16 10:25:27,68.55,4100,68.6,D
sh603301,振德医疗,2025-10-16 10:25:51,68.38,8500,68.4,D
sh603301,振德医疗,2025-10-16 10:26:15,68.38,9900,68.26,U
sh603301,振德医疗,2025-10-16 10:26:18,68.38,12600,68.38,U
sh603301,振德医疗,2025-10-16 10:26:21,68.4,3800,68.38,U
sh603301,振德医疗,2025-10-16 10:26:36,68.48,5300,68.45,U
sh603301,振德医疗,2025-10-16 10:26:48,68.49,3200,68.49,D
sh603301,振德医疗,2025-10-16 10:26:51,68.49,5100,68.49,U
sh603301,振德医疗,2025-10-16 10:26:54,68.48,4000,68.49,D
sh603301,振德医疗,2025-10-16 10:27:27,68.47,3400,68.47,D
sh603301,振德医疗,2025-10-16 10:27:48,68.45,5100,68.45,D
sh603301,振德医疗,2025-10-16 10:27:51,68.45,3700,68.45,U
sh603301,振德医疗,2025-10-16 10:27:54,68.48,8200,68.45,U
sh603301,振德医疗,2025-10-16 10:27:57,68.49,7300,68.48,U
sh603301,振德医疗,2025-10-16 10:28:00,68.49,11200,68.49,U
sh603301,振德医疗,2025-10-16 10:28:03,68.5,7500,68.49,U
sh603301,振德医疗,2025-10-16 10:28:06,68.48,6400,68.5,D
sh603301,振德医疗,2025-10-16 10:29:00,68.33,3100,68.33,D
sh603301,振德医疗,2025-10-16 10:29:03,68.22,6000,68.33,D
sh603301,振德医疗,2025-10-16 10:29:30,68.21,20400,68.21,U
sh603301,振德医疗,2025-10-16 10:29:33,68.33,17700,68.21,U
sh603301,振德医疗,2025-10-16 10:29:36,68.36,15600,68.33,U
sh603301,振德医疗,2025-10-16 10:29:42,68.43,6900,68.33,U
sh603301,振德医疗,2025-10-16 10:29:45,68.45,5100,68.43,U
sh603301,振德医疗,2025-10-16 10:31:00,68.06,3900,68.07,D
sh603301,振德医疗,2025-10-16 10:31:06,68.06,3200,68.06,U
sh603301,振德医疗,2025-10-16 10:31:18,68.05,5600,68.02,U
sh603301,振德医疗,2025-10-16 10:31:24,68.04,3600,68.05,D
sh603301,振德医疗,2025-10-16 10:31:33,68.0,5200,68.02,D
sh603301,振德医疗,2025-10-16 10:31:54,68.18,29100,68.04,U
sh603301,振德医疗,2025-10-16 10:32:12,68.34,4400,68.34,D
sh603301,振德医疗,2025-10-16 10:32:15,68.38,3100,68.34,U
sh603301,振德医疗,2025-10-16 10:32:21,68.33,5200,68.38,D
sh603301,振德医疗,2025-10-16 10:33:09,68.3,3400,68.33,D
sh603301,振德医疗,2025-10-16 10:33:15,68.32,4100,68.32,D
sh603301,振德医疗,2025-10-16 10:33:45,68.33,6600,68.32,U
sh603301,振德医疗,2025-10-16 10:33:48,68.38,3800,68.33,U
sh603301,振德医疗,2025-10-16 10:33:51,68.48,10300,68.38,U
sh603301,振德医疗,2025-10-16 10:33:54,68.5,15200,68.48,U
sh603301,振德医疗,2025-10-16 10:34:03,68.5,6600,68.48,U
sh603301,振德医疗,2025-10-16 10:34:39,68.38,11300,68.38,D
sh603301,振德医疗,2025-10-16 10:34:45,68.39,3600,68.38,E
sh603301,振德医疗,2025-10-16 10:35:03,68.47,6800,68.47,D
sh603301,振德医疗,2025-10-16 10:35:06,68.48,9410,68.47,U
sh603301,振德医疗,2025-10-16 10:37:06,68.43,6600,68.35,U
sh603301,振德医疗,2025-10-16 10:37:09,68.44,8600,68.43,U
sh603301,振德医疗,2025-10-16 10:37:15,68.47,4100,68.46,U
sh603301,振德医疗,2025-10-16 10:37:21,68.48,4000,68.47,U
sh603301,振德医疗,2025-10-16 10:37:24,68.48,13100,68.48,U
sh603301,振德医疗,2025-10-16 10:37:33,68.48,10700,68.48,D
sh603301,振德医疗,2025-10-16 10:37:39,68.5,3100,68.5,U
sh603301,振德医疗,2025-10-16 10:37:45,68.49,7600,68.5,D
sh603301,振德医疗,2025-10-16 10:38:48,68.44,3500,68.47,D
sh603301,振德医疗,2025-10-16 10:38:54,68.5,12600,68.44,U
sh603301,振德医疗,2025-10-16 10:38:57,68.5,5200,68.5,U
sh603301,振德医疗,2025-10-16 10:39:36,68.48,4700,68.49,D
sh603301,振德医疗,2025-10-16 10:39:42,68.47,3300,68.48,D
sh603301,振德医疗,2025-10-16 10:40:18,68.46,3300,68.47,D
sh603301,振德医疗,2025-10-16 10:41:15,68.47,4700,68.43,U
sh603301,振德医疗,2025-10-16 10:41:18,68.48,4200,68.47,U
sh603301,振德医疗,2025-10-16 10:41:21,68.48,3500,68.48,U
sh603301,振德医疗,2025-10-16 10:41:24,68.48,5900,68.48,U
sh603301,振德医疗,2025-10-16 10:41:27,68.49,8700,68.48,U
sh603301,振德医疗,2025-10-16 10:41:30,68.49,9200,68.49,U
sh603301,振德医疗,2025-10-16 10:42:00,68.47,4300,68.48,D
sh603301,振德医疗,2025-10-16 10:42:24,68.47,3700,68.47,U
sh603301,振德医疗,2025-10-16 10:42:27,68.49,17800,68.47,U
sh603301,振德医疗,2025-10-16 10:42:30,68.51,27899,68.49,U
sh603301,振德医疗,2025-10-16 10:42:39,68.54,4900,68.52,U
sh603301,振德医疗,2025-10-16 10:43:06,68.55,6900,68.55,U
sh603301,振德医疗,2025-10-16 10:43:09,68.55,4400,68.55,U
sh603301,振德医疗,2025-10-16 10:43:33,68.6,10400,68.59,U
sh603301,振德医疗,2025-10-16 10:43:36,68.65,4500,68.6,U
sh603301,振德医疗,2025-10-16 10:43:42,68.65,3000,68.6,U
sh603301,振德医疗,2025-10-16 10:43:45,68.65,4900,68.65,U
sh603301,振德医疗,2025-10-16 10:44:00,68.6,4000,68.59,U
sh603301,振德医疗,2025-10-16 10:44:48,68.6,3600,68.59,U
sh603301,振德医疗,2025-10-16 10:44:51,68.59,5800,68.6,D
sh603301,振德医疗,2025-10-16 10:44:57,68.59,4800,68.6,D
sh603301,振德医疗,2025-10-16 10:46:33,68.54,3900,68.55,D
sh603301,振德医疗,2025-10-16 10:46:54,68.54,3300,68.54,D
sh603301,振德医疗,2025-10-16 10:47:33,68.46,3200,68.47,D
sh603301,振德医疗,2025-10-16 10:48:00,68.34,4100,68.34,D
sh603301,振德医疗,2025-10-16 10:48:06,68.33,3300,68.34,D
sh603301,振德医疗,2025-10-16 10:48:15,68.33,4500,68.34,D
sh603301,振德医疗,2025-10-16 10:48:24,68.35,6900,68.34,U
sh603301,振德医疗,2025-10-16 10:48:48,68.5,4600,68.5,U
sh603301,振德医疗,2025-10-16 10:48:51,68.5,7000,68.5,U
sh603301,振德医疗,2025-10-16 10:48:57,68.49,16999,68.5,D
sh603301,振德医疗,2025-10-16 10:49:12,68.54,3384,68.53,U
sh603301,振德医疗,2025-10-16 10:49:27,68.55,6500,68.54,U
sh603301,振德医疗,2025-10-16 10:49:42,68.55,5800,68.55,U
sh603301,振德医疗,2025-10-16 10:49:51,68.54,3316,68.55,D
sh603301,振德医疗,2025-10-16 10:50:12,68.53,3500,68.53,D
sh603301,振德医疗,2025-10-16 10:51:30,68.45,3000,68.48,D
sh603301,振德医疗,2025-10-16 10:51:54,68.45,11700,68.45,U
sh603301,振德医疗,2025-10-16 10:52:00,68.48,7999,68.48,U
sh603301,振德医疗,2025-10-16 10:52:03,68.5,12300,68.48,U
sh603301,振德医疗,2025-10-16 10:52:15,68.46,5400,68.48,D
sh603301,振德医疗,2025-10-16 10:52:36,68.46,4301,68.47,D
sh603301,振德医疗,2025-10-16 10:53:09,68.45,3600,68.44,U
sh603301,振德医疗,2025-10-16 10:53:45,68.44,6400,68.44,D
sh603301,振德医疗,2025-10-16 10:54:27,68.42,4500,68.43,D
sh603301,振德医疗,2025-10-16 10:54:51,68.38,9000,68.4,D
sh603301,振德医疗,2025-10-16 10:54:54,68.38,5900,68.38,U
sh603301,振德医疗,2025-10-16 10:54:57,68.38,3500,68.38,U
sh603301,振德医疗,2025-10-16 10:55:03,68.4,6600,68.38,U
sh603301,振德医疗,2025-10-16 10:55:18,68.4,5800,68.41,D
sh603301,振德医疗,2025-10-16 10:56:39,68.36,6200,68.36,D
sh603301,振德医疗,2025-10-16 10:57:09,68.19,3700,68.2,E
sh603301,振德医疗,2025-10-16 10:57:42,68.17,4400,68.15,U
sh603301,振德医疗,2025-10-16 10:57:57,68.0,9600,68.06,D
sh603301,振德医疗,2025-10-16 10:58:00,68.01,4200,68.0,U
sh603301,振德医疗,2025-10-16 10:58:12,68.02,3200,68.0,U
sh603301,振德医疗,2025-10-16 10:58:21,68.04,3900,68.02,D
sh603301,振德医疗,2025-10-16 10:58:30,68.06,9500,68.05,U
sh603301,振德医疗,2025-10-16 10:58:48,68.23,3900,68.19,U
sh603301,振德医疗,2025-10-16 10:58:57,68.3,3500,68.24,U
sh603301,振德医疗,2025-10-16 10:59:21,68.31,5500,68.33,D
sh603301,振德医疗,2025-10-16 11:00:00,68.29,8900,68.29,D
sh603301,振德医疗,2025-10-16 11:00:45,68.26,3800,68.25,U
sh603301,振德医疗,2025-10-16 11:00:48,68.3,9600,68.26,U
sh603301,振德医疗,2025-10-16 11:01:24,68.29,3000,68.29,U
sh603301,振德医疗,2025-10-16 11:01:27,68.24,4600,68.29,D
sh603301,振德医疗,2025-10-16 11:01:48,68.28,7600,68.28,U
sh603301,振德医疗,2025-10-16 11:01:51,68.29,13000,68.28,U
sh603301,振德医疗,2025-10-16 11:01:54,68.3,6800,68.29,U
sh603301,振德医疗,2025-10-16 11:02:06,68.29,3700,68.3,D
sh603301,振德医疗,2025-10-16 11:02:09,68.29,7700,68.29,D
sh603301,振德医疗,2025-10-16 11:02:18,68.26,13200,68.28,D
sh603301,振德医疗,2025-10-16 11:02:36,68.04,12600,68.22,D
sh603301,振德医疗,2025-10-16 11:02:39,68.03,6200,68.04,E
sh603301,振德医疗,2025-10-16 11:03:03,68.15,11200,68.12,U
sh603301,振德医疗,2025-10-16 11:03:06,68.21,3600,68.15,U
sh603301,振德医疗,2025-10-16 11:05:21,68.14,4000,68.14,D
sh603301,振德医疗,2025-10-16 11:06:33,68.06,3900,68.07,D
sh603301,振德医疗,2025-10-16 11:06:36,68.05,7000,68.06,D
sh603301,振德医疗,2025-10-16 11:06:48,68.0,11700,68.02,D
sh603301,振德医疗,2025-10-16 11:07:18,67.86,8200,67.82,U
sh603301,振德医疗,2025-10-16 11:07:36,67.98,3500,67.98,D
sh603301,振德医疗,2025-10-16 11:08:09,67.91,8100,67.93,D
sh603301,振德医疗,2025-10-16 11:08:33,67.82,3900,67.86,D
sh603301,振德医疗,2025-10-16 11:08:51,67.85,6800,67.85,D
sh603301,振德医疗,2025-10-16 11:08:54,67.84,8700,67.85,U
sh603301,振德医疗,2025-10-16 11:10:06,67.93,6600,67.93,U
sh603301,振德医疗,2025-10-16 11:10:09,67.98,3500,67.93,U
sh603301,振德医疗,2025-10-16 11:10:12,67.98,4900,67.98,U
sh603301,振德医疗,2025-10-16 11:11:03,68.11,3300,68.11,D
sh603301,振德医疗,2025-10-16 11:12:03,68.07,3000,68.07,D
sh603301,振德医疗,2025-10-16 11:12:48,68.04,4700,68.02,U
sh603301,振德医疗,2025-10-16 11:13:15,68.07,7000,68.05,U
sh603301,振德医疗,2025-10-16 11:13:18,68.11,3400,68.07,U
sh603301,振德医疗,2025-10-16 11:13:21,68.12,21500,68.11,U
sh603301,振德医疗,2025-10-16 11:13:24,68.16,4900,68.12,U
sh603301,振德医疗,2025-10-16 11:13:30,68.2,4600,68.2,U
sh603301,振德医疗,2025-10-16 11:14:09,68.19,3300,68.19,D
sh603301,振德医疗,2025-10-16 11:17:09,68.06,4000,68.07,D
sh603301,振德医疗,2025-10-16 11:18:24,68.05,18700,68.05,U
sh603301,振德医疗,2025-10-16 11:18:27,68.08,4500,68.05,U
sh603301,振德医疗,2025-10-16 11:18:30,68.11,9400,68.08,U
sh603301,振德医疗,2025-10-16 11:18:33,68.15,3300,68.11,U
sh603301,振德医疗,2025-10-16 11:19:00,68.12,9200,68.18,D
sh603301,振德医疗,2025-10-16 11:19:24,68.09,3800,68.11,D
sh603301,振德医疗,2025-10-16 11:19:33,68.07,6900,68.09,E
sh603301,振德医疗,2025-10-16 11:20:03,68.01,4700,68.02,D
sh603301,振德医疗,2025-10-16 11:20:06,68.01,5500,68.01,D
sh603301,振德医疗,2025-10-16 11:20:09,67.99,3600,68.01,D
sh603301,振德医疗,2025-10-16 11:20:18,67.92,5000,67.99,D
sh603301,振德医疗,2025-10-16 11:20:36,67.9,3800,67.9,D
sh603301,振德医疗,2025-10-16 11:21:03,67.75,7100,67.88,D
sh603301,振德医疗,2025-10-16 11:21:21,67.5,8700,67.7,D
sh603301,振德医疗,2025-10-16 11:21:36,67.54,11100,67.53,U
sh603301,振德医疗,2025-10-16 11:21:39,67.55,4000,67.54,U
sh603301,振德医疗,2025-10-16 11:21:45,67.6,28800,67.56,U
sh603301,振德医疗,2025-10-16 11:21:48,67.57,26100,67.6,D
sh603301,振德医疗,2025-10-16 11:21:51,67.6,9500,67.57,U
sh603301,振德医疗,2025-10-16 11:21:54,67.6,9800,67.6,U
sh603301,振德医疗,2025-10-16 11:21:57,67.6,25100,67.6,U
sh603301,振德医疗,2025-10-16 11:22:00,67.59,3600,67.6,U
sh603301,振德医疗,2025-10-16 11:22:03,67.59,3600,67.59,U
sh603301,振德医疗,2025-10-16 11:22:06,67.59,3700,67.59,U
sh603301,振德医疗,2025-10-16 11:22:33,67.58,4200,67.58,U
sh603301,振德医疗,2025-10-16 11:22:36,67.59,6800,67.58,U
sh603301,振德医疗,2025-10-16 11:22:39,67.6,5800,67.59,U
sh603301,振德医疗,2025-10-16 11:22:42,67.6,5700,67.6,U
sh603301,振德医疗,2025-10-16 11:22:45,67.49,28400,67.6,D
sh603301,振德医疗,2025-10-16 11:23:09,67.4,31500,67.41,D
sh603301,振德医疗,2025-10-16 11:23:12,67.4,3100,67.4,U
sh603301,振德医疗,2025-10-16 11:23:15,67.4,3200,67.4,U
sh603301,振德医疗,2025-10-16 11:23:21,67.4,4500,67.4,U
sh603301,振德医疗,2025-10-16 11:23:45,67.38,5200,67.4,D
sh603301,振德医疗,2025-10-16 11:23:48,67.4,5400,67.38,E
sh603301,振德医疗,2025-10-16 11:24:03,67.5,3000,67.49,U
sh603301,振德医疗,2025-10-16 11:24:09,67.47,5300,67.51,D
sh603301,振德医疗,2025-10-16 11:24:12,67.41,5900,67.47,D
sh603301,振德医疗,2025-10-16 11:24:24,67.4,3100,67.41,E
sh603301,振德医疗,2025-10-16 11:25:03,67.34,3600,67.34,U
sh603301,振德医疗,2025-10-16 11:25:15,67.32,7700,67.31,U
sh603301,振德医疗,2025-10-16 11:25:21,67.32,4400,67.32,U
sh603301,振德医疗,2025-10-16 11:25:30,67.32,3900,67.32,U
sh603301,振德医疗,2025-10-16 11:25:33,67.3,4600,67.32,D
sh603301,振德医疗,2025-10-16 11:26:42,67.18,36000,67.19,D
sh603301,振德医疗,2025-10-16 11:26:45,67.19,13800,67.18,U
sh603301,振德医疗,2025-10-16 11:26:48,67.3,4400,67.19,U
sh603301,振德医疗,2025-10-16 11:26:51,67.32,3000,67.3,U
sh603301,振德医疗,2025-10-16 11:27:00,67.37,3000,67.38,E
sh603301,振德医疗,2025-10-16 11:27:06,67.38,4900,67.38,U
sh603301,振德医疗,2025-10-16 11:27:09,67.4,10400,67.38,U
sh603301,振德医疗,2025-10-16 11:27:12,67.4,4300,67.4,D
sh603301,振德医疗,2025-10-16 11:27:15,67.4,3600,67.4,D
sh603301,振德医疗,2025-10-16 11:27:21,67.32,5400,67.4,D
sh603301,振德医疗,2025-10-16 11:27:36,67.46,4300,67.42,U
sh603301,振德医疗,2025-10-16 11:27:54,67.59,5500,67.55,E
sh603301,振德医疗,2025-10-16 11:28:36,67.65,9000,67.63,U
sh603301,振德医疗,2025-10-16 11:28:48,67.6,4000,67.61,D
sh603301,振德医疗,2025-10-16 11:29:00,67.6,5000,67.61,D
sh603301,振德医疗,2025-10-16 11:29:48,67.6,5500,67.61,D
sh603301,振德医疗,2025-10-16 13:00:03,67.58,4949,67.6,D
sh603301,振德医疗,2025-10-16 13:00:06,67.55,7043,67.58,D
sh603301,振德医疗,2025-10-16 13:00:09,67.6,5300,67.55,E
sh603301,振德医疗,2025-10-16 13:00:12,67.63,5000,67.6,E
sh603301,振德医疗,2025-10-16 13:00:15,67.63,3600,67.63,E
sh603301,振德医疗,2025-10-16 13:00:24,67.44,65100,67.58,D
sh603301,振德医疗,2025-10-16 13:00:27,67.42,9800,67.44,D
sh603301,振德医疗,2025-10-16 13:00:48,67.32,5300,67.4,D
sh603301,振德医疗,2025-10-16 13:01:24,67.16,4100,67.28,D
sh603301,振德医疗,2025-10-16 13:01:27,67.1,6100,67.16,D
sh603301,振德医疗,2025-10-16 13:01:30,67.06,3800,67.1,D
sh603301,振德医疗,2025-10-16 13:01:36,67.0,6000,67.06,D
sh603301,振德医疗,2025-10-16 13:01:39,67.0,5100,67.0,D
sh603301,振德医疗,2025-10-16 13:01:48,67.0,10900,67.0,D
sh603301,振德医疗,2025-10-16 13:01:51,66.99,4000,67.0,D
sh603301,振德医疗,2025-10-16 13:02:18,66.83,3400,66.82,U
sh603301,振德医疗,2025-10-16 13:02:21,66.82,4000,66.83,D
sh603301,振德医疗,2025-10-16 13:02:24,66.87,8900,66.82,U
sh603301,振德医疗,2025-10-16 13:02:27,66.83,5000,66.87,D
sh603301,振德医疗,2025-10-16 13:03:09,66.7,4700,66.7,U
sh603301,振德医疗,2025-10-16 13:03:12,66.74,22059,66.7,U
sh603301,振德医疗,2025-10-16 13:03:15,66.78,32008,66.74,U
sh603301,振德医疗,2025-10-16 13:03:18,66.79,4100,66.78,U
sh603301,振德医疗,2025-10-16 13:03:33,66.89,6100,66.88,U
sh603301,振德医疗,2025-10-16 13:03:54,66.93,14400,66.91,U
sh603301,振德医疗,2025-10-16 13:04:09,67.18,4800,67.0,U
sh603301,振德医疗,2025-10-16 13:04:42,67.29,3300,67.29,U
sh603301,振德医疗,2025-10-16 13:04:48,67.28,4400,67.29,D
sh603301,振德医疗,2025-10-16 13:05:30,67.24,8600,67.24,D
sh603301,振德医疗,2025-10-16 13:06:12,67.26,8000,67.14,U
sh603301,振德医疗,2025-10-16 13:06:15,67.22,13100,67.26,D
sh603301,振德医疗,2025-10-16 13:06:48,67.06,3900,67.06,D
sh603301,振德医疗,2025-10-16 13:07:33,67.07,7600,67.03,U
sh603301,振德医疗,2025-10-16 13:07:54,67.08,11500,67.07,E
sh603301,振德医疗,2025-10-16 13:08:54,67.3,7200,67.26,U
sh603301,振德医疗,2025-10-16 13:09:39,67.47,5100,67.44,U
sh603301,振德医疗,2025-10-16 13:10:09,67.56,3100,67.57,D
sh603301,振德医疗,2025-10-16 13:10:15,67.57,7400,67.56,D
sh603301,振德医疗,2025-10-16 13:10:18,67.4,4300,67.57,D
sh603301,振德医疗,2025-10-16 13:10:21,67.4,16700,67.4,D
sh603301,振德医疗,2025-10-16 13:10:27,67.4,3400,67.4,D
sh603301,振德医疗,2025-10-16 13:10:39,67.4,12700,67.4,U
sh603301,振德医疗,2025-10-16 13:10:54,67.34,11400,67.35,E
sh603301,振德医疗,2025-10-16 13:13:18,67.4,19600,67.37,U
sh603301,振德医疗,2025-10-16 13:14:06,67.49,13300,67.44,U
sh603301,振德医疗,2025-10-16 13:15:48,67.45,5000,67.46,E
sh603301,振德医疗,2025-10-16 13:17:15,67.36,8800,67.36,D
sh603301,振德医疗,2025-10-16 13:18:27,67.21,13100,67.32,D
sh603301,振德医疗,2025-10-16 13:19:54,67.16,27600,67.05,U
sh603301,振德医疗,2025-10-16 13:19:57,67.05,3100,67.16,U
sh603301,振德医疗,2025-10-16 13:20:00,67.16,3000,67.05,U
sh603301,振德医疗,2025-10-16 13:20:18,67.16,3100,67.15,U
sh603301,振德医疗,2025-10-16 13:20:57,67.2,10000,67.16,U
sh603301,振德医疗,2025-10-16 13:24:03,67.13,5600,67.14,U
sh603301,振德医疗,2025-10-16 13:24:30,67.09,10700,67.09,U
sh603301,振德医疗,2025-10-16 13:24:48,67.09,4000,67.1,D
sh603301,振德医疗,2025-10-16 13:28:06,67.19,5800,67.19,D
sh603301,振德医疗,2025-10-16 13:30:09,67.28,5800,67.27,U
sh603301,振德医疗,2025-10-16 13:32:45,67.44,4400,67.44,U
sh603301,振德医疗,2025-10-16 13:33:21,67.5,10600,67.5,U
sh603301,振德医疗,2025-10-16 13:33:24,67.51,6900,67.5,U
sh603301,振德医疗,2025-10-16 13:33:57,67.6,3800,67.6,U
sh603301,振德医疗,2025-10-16 13:34:39,67.77,3600,67.77,U
sh603301,振德医疗,2025-10-16 13:34:48,67.89,3900,67.79,U
sh603301,振德医疗,2025-10-16 13:34:51,67.8,6300,67.89,D
sh603301,振德医疗,2025-10-16 13:34:54,67.89,3300,67.8,U
sh603301,振德医疗,2025-10-16 13:40:18,67.45,7300,67.58,D
sh603301,振德医疗,2025-10-16 13:41:00,67.48,5500,67.41,U
sh603301,振德医疗,2025-10-16 13:44:03,67.66,3000,67.64,U
sh603301,振德医疗,2025-10-16 13:44:39,67.66,6500,67.66,U
sh603301,振德医疗,2025-10-16 13:47:12,67.64,3000,67.64,D
sh603301,振德医疗,2025-10-16 13:48:03,67.6,3100,67.59,U
sh603301,振德医疗,2025-10-16 13:50:18,67.55,5500,67.57,D
sh603301,振德医疗,2025-10-16 13:51:45,67.59,4600,67.57,U
sh603301,振德医疗,2025-10-16 13:51:51,67.6,5000,67.59,U
sh603301,振德医疗,2025-10-16 13:51:54,67.62,5000,67.6,U
sh603301,振德医疗,2025-10-16 13:52:00,67.67,4200,67.65,U
sh603301,振德医疗,2025-10-16 13:53:33,67.96,6300,67.98,D
sh603301,振德医疗,2025-10-16 13:54:09,67.99,11600,67.99,U
sh603301,振德医疗,2025-10-16 13:54:12,67.99,6300,67.99,D
sh603301,振德医疗,2025-10-16 13:54:24,67.99,4900,67.99,D
sh603301,振德医疗,2025-10-16 13:55:27,67.98,3300,67.99,D
sh603301,振德医疗,2025-10-16 13:55:33,67.98,5000,67.99,D
sh603301,振德医疗,2025-10-16 13:56:21,67.96,4500,67.97,D
sh603301,振德医疗,2025-10-16 13:57:12,67.97,6100,67.97,U
sh603301,振德医疗,2025-10-16 13:57:45,67.95,4500,67.95,D
sh603301,振德医疗,2025-10-16 13:59:45,67.93,17100,67.92,U
sh603301,振德医疗,2025-10-16 14:03:39,67.88,3300,67.88,D
sh603301,振德医疗,2025-10-16 14:04:12,67.85,6500,67.88,D
sh603301,振德医疗,2025-10-16 14:06:03,67.81,5200,67.79,U
sh603301,振德医疗,2025-10-16 14:06:54,67.81,5900,67.81,U
sh603301,振德医疗,2025-10-16 14:07:18,67.81,3300,67.8,U
sh603301,振德医疗,2025-10-16 14:08:03,67.82,3800,67.8,U
sh603301,振德医疗,2025-10-16 14:11:27,67.93,5200,67.94,D
sh603301,振德医疗,2025-10-16 14:11:33,67.93,3800,67.93,U
sh603301,振德医疗,2025-10-16 14:12:03,67.93,5100,67.93,D
sh603301,振德医疗,2025-10-16 14:12:39,67.95,8500,67.94,U
sh603301,振德医疗,2025-10-16 14:12:45,67.96,13500,67.94,U
sh603301,振德医疗,2025-10-16 14:12:48,67.96,3900,67.96,U
sh603301,振德医疗,2025-10-16 14:12:57,67.98,3600,67.96,U
sh603301,振德医疗,2025-10-16 14:13:00,67.98,6700,67.98,U
sh603301,振德医疗,2025-10-16 14:13:27,67.99,5100,67.99,U
sh603301,振德医疗,2025-10-16 14:13:33,67.99,4300,67.99,U
sh603301,振德医疗,2025-10-16 14:14:18,67.97,4000,67.98,D
sh603301,振德医疗,2025-10-16 14:14:48,67.95,3000,67.96,D
sh603301,振德医疗,2025-10-16 14:19:03,67.92,3000,67.92,U
sh603301,振德医疗,2025-10-16 14:20:30,67.87,3400,67.9,D
sh603301,振德医疗,2025-10-16 14:22:03,67.86,3300,67.86,U
sh603301,振德医疗,2025-10-16 14:23:00,67.79,7500,67.84,D
sh603301,振德医疗,2025-10-16 14:23:21,67.72,4000,67.72,U
sh603301,振德医疗,2025-10-16 14:23:54,67.53,3900,67.51,U
sh603301,振德医疗,2025-10-16 14:23:57,67.5,3000,67.53,D
sh603301,振德医疗,2025-10-16 14:24:21,67.53,9400,67.58,D
sh603301,振德医疗,2025-10-16 14:24:48,67.53,3100,67.53,U
sh603301,振德医疗,2025-10-16 14:25:03,67.74,4400,67.53,U
sh603301,振德医疗,2025-10-16 14:27:42,67.75,3500,67.76,D
sh603301,振德医疗,2025-10-16 14:28:06,67.77,4400,67.77,D
sh603301,振德医疗,2025-10-16 14:28:27,67.8,4100,67.8,U
sh603301,振德医疗,2025-10-16 14:29:24,67.84,3700,67.84,U
sh603301,振德医疗,2025-10-16 14:30:15,67.9,5300,67.9,U
sh603301,振德医疗,2025-10-16 14:31:12,67.88,4000,67.89,D
sh603301,振德医疗,2025-10-16 14:31:36,67.84,7800,67.86,D
sh603301,振德医疗,2025-10-16 14:32:09,67.8,6000,67.84,D
sh603301,振德医疗,2025-10-16 14:33:36,67.68,4800,67.75,D
sh603301,振德医疗,2025-10-16 14:33:51,67.63,9300,67.67,D
sh603301,振德医疗,2025-10-16 14:35:03,67.57,3900,67.53,U
sh603301,振德医疗,2025-10-16 14:35:54,67.6,6500,67.6,U
sh603301,振德医疗,2025-10-16 14:35:57,67.69,6700,67.6,U
sh603301,振德医疗,2025-10-16 14:37:03,67.73,7800,67.73,U
sh603301,振德医疗,2025-10-16 14:38:15,67.75,9400,67.73,U
sh603301,振德医疗,2025-10-16 14:39:12,67.83,3700,67.84,D
sh603301,振德医疗,2025-10-16 14:39:18,67.83,4700,67.85,D
sh603301,振德医疗,2025-10-16 14:39:21,67.82,3900,67.83,D
sh603301,振德医疗,2025-10-16 14:39:27,67.82,4400,67.81,U
sh603301,振德医疗,2025-10-16 14:40:00,67.79,4700,67.79,U
sh603301,振德医疗,2025-10-16 14:40:03,67.74,16200,67.79,D
sh603301,振德医疗,2025-10-16 14:40:06,67.74,3400,67.74,U
sh603301,振德医疗,2025-10-16 14:40:33,67.74,6400,67.77,D
sh603301,振德医疗,2025-10-16 14:41:12,67.8,6400,67.8,U
sh603301,振德医疗,2025-10-16 14:41:27,67.8,6600,67.82,D
sh603301,振德医疗,2025-10-16 14:41:30,67.79,3400,67.8,D
sh603301,振德医疗,2025-10-16 14:41:48,67.82,13800,67.8,U
sh603301,振德医疗,2025-10-16 14:41:57,67.82,3100,67.82,U
sh603301,振德医疗,2025-10-16 14:42:12,67.82,3100,67.82,U
sh603301,振德医疗,2025-10-16 14:42:27,67.83,3000,67.83,D
sh603301,振德医疗,2025-10-16 14:42:30,67.83,3400,67.83,D
sh603301,振德医疗,2025-10-16 14:42:42,67.84,6400,67.84,D
sh603301,振德医疗,2025-10-16 14:42:54,67.84,3900,67.84,U
sh603301,振德医疗,2025-10-16 14:43:09,67.83,3000,67.83,U
sh603301,振德医疗,2025-10-16 14:43:15,67.8,8200,67.83,D
sh603301,振德医疗,2025-10-16 14:43:18,67.81,24300,67.8,U
sh603301,振德医疗,2025-10-16 14:43:27,67.8,3900,67.81,D
sh603301,振德医疗,2025-10-16 14:43:42,67.74,5000,67.78,D
sh603301,振德医疗,2025-10-16 14:43:51,67.73,6600,67.76,D
sh603301,振德医疗,2025-10-16 14:43:57,67.78,3500,67.73,U
sh603301,振德医疗,2025-10-16 14:44:18,67.76,4100,67.81,D
sh603301,振德医疗,2025-10-16 14:45:00,67.81,3500,67.81,U
sh603301,振德医疗,2025-10-16 14:45:12,67.78,7200,67.81,D
sh603301,振德医疗,2025-10-16 14:45:27,67.8,4300,67.78,U
sh603301,振德医疗,2025-10-16 14:45:30,67.77,3800,67.8,D
sh603301,振德医疗,2025-10-16 14:45:36,67.77,6800,67.77,U
sh603301,振德医疗,2025-10-16 14:45:39,67.76,5600,67.77,D
sh603301,振德医疗,2025-10-16 14:45:42,67.76,4900,67.76,U
sh603301,振德医疗,2025-10-16 14:46:03,67.78,5500,67.77,D
sh603301,振德医疗,2025-10-16 14:46:09,67.76,8400,67.77,D
sh603301,振德医疗,2025-10-16 14:46:18,67.78,3400,67.76,U
sh603301,振德医疗,2025-10-16 14:46:36,67.76,9800,67.76,D
sh603301,振德医疗,2025-10-16 14:46:42,67.76,3000,67.76,D
sh603301,振德医疗,2025-10-16 14:46:51,67.77,10200,67.77,U
sh603301,振德医疗,2025-10-16 14:46:54,67.77,6700,67.77,U
sh603301,振德医疗,2025-10-16 14:47:12,67.77,3920,67.79,D
sh603301,振德医疗,2025-10-16 14:47:30,67.79,9800,67.79,U
sh603301,振德医疗,2025-10-16 14:47:42,67.79,10700,67.79,D
sh603301,振德医疗,2025-10-16 14:47:48,67.77,6000,67.78,D
sh603301,振德医疗,2025-10-16 14:47:51,67.79,23800,67.77,U
sh603301,振德医疗,2025-10-16 14:47:54,67.79,5100,67.79,U
sh603301,振德医疗,2025-10-16 14:48:03,67.79,11600,67.79,U
sh603301,振德医疗,2025-10-16 14:48:21,67.77,11300,67.79,D
sh603301,振德医疗,2025-10-16 14:48:24,67.79,3400,67.77,U
sh603301,振德医疗,2025-10-16 14:48:33,67.78,11400,67.8,D
sh603301,振德医疗,2025-10-16 14:48:39,67.77,13600,67.77,E
sh603301,振德医疗,2025-10-16 14:48:42,67.79,3600,67.77,U
sh603301,振德医疗,2025-10-16 14:48:51,67.75,7700,67.78,D
sh603301,振德医疗,2025-10-16 14:49:06,67.79,5800,67.79,U
sh603301,振德医疗,2025-10-16 14:49:09,67.79,9600,67.79,U
sh603301,振德医疗,2025-10-16 14:49:15,67.79,4500,67.79,U
sh603301,振德医疗,2025-10-16 14:49:21,67.79,3100,67.79,U
sh603301,振德医疗,2025-10-16 14:49:27,67.79,12200,67.79,D
sh603301,振德医疗,2025-10-16 14:49:30,67.8,4900,67.79,U
sh603301,振德医疗,2025-10-16 14:49:39,67.8,3700,67.79,U
sh603301,振德医疗,2025-10-16 14:49:54,67.8,7400,67.79,U
sh603301,振德医疗,2025-10-16 14:50:00,67.8,11400,67.8,U
sh603301,振德医疗,2025-10-16 14:50:03,67.8,24400,67.8,U
sh603301,振德医疗,2025-10-16 14:50:06,67.8,12800,67.8,U
sh603301,振德医疗,2025-10-16 14:50:12,67.8,3800,67.8,U
sh603301,振德医疗,2025-10-16 14:50:15,67.78,7500,67.8,D
sh603301,振德医疗,2025-10-16 14:50:18,67.76,9200,67.78,D
sh603301,振德医疗,2025-10-16 14:50:21,67.75,4100,67.76,D
sh603301,振德医疗,2025-10-16 14:50:24,67.77,4500,67.75,E
sh603301,振德医疗,2025-10-16 14:50:33,67.78,3400,67.79,D
sh603301,振德医疗,2025-10-16 14:50:39,67.77,7700,67.77,U
sh603301,振德医疗,2025-10-16 14:50:57,67.78,12100,67.78,U
sh603301,振德医疗,2025-10-16 14:51:00,67.78,4300,67.78,U
sh603301,振德医疗,2025-10-16 14:51:03,67.77,8800,67.78,D
sh603301,振德医疗,2025-10-16 14:51:06,67.77,11300,67.77,E
sh603301,振德医疗,2025-10-16 14:51:12,67.77,3200,67.76,U
sh603301,振德医疗,2025-10-16 14:51:15,67.77,4300,67.77,U
sh603301,振德医疗,2025-10-16 14:51:18,67.77,7000,67.77,U
sh603301,振德医疗,2025-10-16 14:51:21,67.77,4400,67.77,U
sh603301,振德医疗,2025-10-16 14:51:24,67.77,4000,67.77,D
sh603301,振德医疗,2025-10-16 14:51:30,67.77,4800,67.77,D
sh603301,振德医疗,2025-10-16 14:51:36,67.77,21300,67.77,D
sh603301,振德医疗,2025-10-16 14:51:39,67.77,5300,67.77,U
sh603301,振德医疗,2025-10-16 14:51:42,67.77,4180,67.77,U
sh603301,振德医疗,2025-10-16 14:51:48,67.77,3700,67.74,U
sh603301,振德医疗,2025-10-16 14:52:09,67.76,4200,67.77,D
sh603301,振德医疗,2025-10-16 14:52:21,67.77,6000,67.76,U
sh603301,振德医疗,2025-10-16 14:52:24,67.77,8300,67.77,U
sh603301,振德医疗,2025-10-16 14:52:30,67.77,3800,67.76,U
sh603301,振德医疗,2025-10-16 14:52:33,67.77,4000,67.77,U
sh603301,振德医疗,2025-10-16 14:52:36,67.77,3200,67.77,U
sh603301,振德医疗,2025-10-16 14:52:39,67.76,4900,67.77,D
sh603301,振德医疗,2025-10-16 14:52:45,67.77,5100,67.77,U
sh603301,振德医疗,2025-10-16 14:52:48,67.77,5300,67.77,U
sh603301,振德医疗,2025-10-16 14:52:57,67.74,7800,67.76,D
sh603301,振德医疗,2025-10-16 14:53:03,67.75,3500,67.75,U
sh603301,振德医疗,2025-10-16 14:53:12,67.73,11300,67.73,D
sh603301,振德医疗,2025-10-16 14:53:15,67.68,6800,67.73,D
sh603301,振德医疗,2025-10-16 14:53:18,67.67,4000,67.68,D
sh603301,振德医疗,2025-10-16 14:53:21,67.67,4700,67.67,U
sh603301,振德医疗,2025-10-16 14:53:27,67.6,6000,67.67,D
sh603301,振德医疗,2025-10-16 14:53:30,67.65,4200,67.6,E
sh603301,振德医疗,2025-10-16 14:53:33,67.6,4000,67.65,D
sh603301,振德医疗,2025-10-16 14:53:48,67.65,8300,67.65,U
sh603301,振德医疗,2025-10-16 14:53:51,67.65,3900,67.65,U
sh603301,振德医疗,2025-10-16 14:53:54,67.65,3300,67.65,U
sh603301,振德医疗,2025-10-16 14:54:00,67.65,4800,67.65,D
sh603301,振德医疗,2025-10-16 14:54:06,67.67,4400,67.66,U
sh603301,振德医疗,2025-10-16 14:54:18,67.7,16100,67.7,U
sh603301,振德医疗,2025-10-16 14:54:27,67.72,6400,67.71,U
sh603301,振德医疗,2025-10-16 14:54:33,67.62,22600,67.71,D
sh603301,振德医疗,2025-10-16 14:54:36,67.62,4100,67.62,U
sh603301,振德医疗,2025-10-16 14:54:39,67.62,4300,67.62,U
sh603301,振德医疗,2025-10-16 14:54:57,67.69,3900,67.7,D
sh603301,振德医疗,2025-10-16 14:55:03,67.7,3600,67.69,E
sh603301,振德医疗,2025-10-16 14:55:06,67.7,4300,67.7,U
sh603301,振德医疗,2025-10-16 14:55:09,67.7,5600,67.7,D
sh603301,振德医疗,2025-10-16 14:55:12,67.7,4500,67.7,U
sh603301,振德医疗,2025-10-16 14:55:15,67.7,11100,67.7,U
sh603301,振德医疗,2025-10-16 14:55:18,67.69,5900,67.7,D
sh603301,振德医疗,2025-10-16 14:55:21,67.69,6900,67.69,D
sh603301,振德医疗,2025-10-16 14:55:24,67.68,8700,67.69,D
sh603301,振德医疗,2025-10-16 14:55:27,67.67,4100,67.68,D
sh603301,振德医疗,2025-10-16 14:55:36,67.68,28200,67.68,D
sh603301,振德医疗,2025-10-16 14:55:39,67.68,5100,67.68,U
sh603301,振德医疗,2025-10-16 14:55:42,67.68,3300,67.68,U
sh603301,振德医疗,2025-10-16 14:55:45,67.68,46100,67.68,D
sh603301,振德医疗,2025-10-16 14:55:48,67.68,11900,67.68,D
sh603301,振德医疗,2025-10-16 14:55:51,67.68,12000,67.68,D
sh603301,振德医疗,2025-10-16 14:55:54,67.52,9700,67.68,D
sh603301,振德医疗,2025-10-16 14:55:57,67.51,4500,67.52,D
sh603301,振德医疗,2025-10-16 14:56:00,67.51,3600,67.51,E
sh603301,振德医疗,2025-10-16 14:56:03,67.51,8200,67.51,D
sh603301,振德医疗,2025-10-16 14:56:06,67.52,4800,67.51,U
sh603301,振德医疗,2025-10-16 14:56:09,67.51,6900,67.52,E
sh603301,振德医疗,2025-10-16 14:56:12,67.51,4900,67.51,D
sh603301,振德医疗,2025-10-16 14:56:15,67.52,6200,67.51,U
sh603301,振德医疗,2025-10-16 14:56:18,67.52,8620,67.52,U
sh603301,振德医疗,2025-10-16 14:56:21,67.51,4400,67.52,D
sh603301,振德医疗,2025-10-16 14:56:24,67.52,7800,67.51,D
sh603301,振德医疗,2025-10-16 14:56:27,67.52,4700,67.52,D
sh603301,振德医疗,2025-10-16 14:56:30,67.55,12800,67.52,U
sh603301,振德医疗,2025-10-16 14:56:36,67.57,7000,67.58,E
sh603301,振德医疗,2025-10-16 14:56:39,67.58,28500,67.57,U
sh603301,振德医疗,2025-10-16 14:56:42,67.57,10600,67.58,E
sh603301,振德医疗,2025-10-16 14:56:45,67.54,4500,67.57,E
sh603301,振德医疗,2025-10-16 14:56:48,67.55,3300,67.54,E
sh603301,振德医疗,2025-10-16 14:56:51,67.58,6000,67.55,U
sh603301,振德医疗,2025-10-16 14:56:54,67.53,36600,67.58,D
sh603301,振德医疗,2025-10-16 14:56:57,67.53,6900,67.53,U
sh603301,振德医疗,2025-10-16 14:57:00,67.53,5600,67.53,U
sh603301,振德医疗,2025-10-16 15:00:03,67.53,210200,67.53,U
