symbol,name,ticktime,price,volume,prev_price,kind
sh603301,振德医疗,2025-10-15 09:25:01,65.4,238600,0.0,U
sh603301,振德医疗,2025-10-15 09:30:02,64.05,33200,65.4,D
sh603301,振德医疗,2025-10-15 09:30:05,64.57,3400,64.05,U
sh603301,振德医疗,2025-10-15 09:30:08,64.02,27300,64.57,D
sh603301,振德医疗,2025-10-15 09:30:11,65.0,9700,64.02,U
sh603301,振德医疗,2025-10-15 09:30:14,64.19,34900,65.0,E
sh603301,振德医疗,2025-10-15 09:30:17,64.0,6600,64.19,D
sh603301,振德医疗,2025-10-15 09:30:19,64.0,3500,64.0,U
sh603301,振德医疗,2025-10-15 09:30:23,63.87,14400,64.0,E
sh603301,振德医疗,2025-10-15 09:30:26,63.8,19300,63.87,E
sh603301,振德医疗,2025-10-15 09:30:28,63.37,3400,63.8,D
sh603301,振德医疗,2025-10-15 09:30:31,63.16,8800,63.37,D
sh603301,振德医疗,2025-10-15 09:30:35,62.68,12700,63.16,D
sh603301,振德医疗,2025-10-15 09:30:38,62.02,5200,62.68,D
sh603301,振德医疗,2025-10-15 09:30:41,62.02,22500,62.02,D
sh603301,振德医疗,2025-10-15 09:30:44,61.1,4100,62.02,D
sh603301,振德医疗,2025-10-15 09:30:47,60.5,9300,61.1,D
sh603301,振德医疗,2025-10-15 09:30:50,60.34,16500,60.5,D
sh603301,振德医疗,2025-10-15 09:30:53,59.67,27400,60.34,D
sh603301,振德医疗,2025-10-15 09:30:56,59.67,28000,59.67,D
sh603301,振德医疗,2025-10-15 09:30:59,59.3,30800,59.67,D
sh603301,振德医疗,2025-10-15 09:31:02,59.3,36100,59.3,U
sh603301,振德医疗,2025-10-15 09:31:05,59.3,52500,59.3,U
sh603301,振德医疗,2025-10-15 09:31:08,59.3,30900,59.3,U
sh603301,振德医疗,2025-10-15 09:31:11,59.3,35500,59.3,U
sh603301,振德医疗,2025-10-15 09:31:14,59.3,35500,59.3,U
sh603301,振德医疗,2025-10-15 09:31:17,59.3,25800,59.3,U
sh603301,振德医疗,2025-10-15 09:31:20,59.3,10700,59.3,U
sh603301,振德医疗,2025-10-15 09:31:23,59.3,22700,59.3,U
sh603301,振德医疗,2025-10-15 09:31:26,59.3,72300,59.3,U
sh603301,振德医疗,2025-10-15 09:31:29,59.3,37100,59.3,U
sh603301,振德医疗,2025-10-15 09:31:32,59.3,10400,59.3,U
sh603301,振德医疗,2025-10-15 09:31:35,59.3,16100,59.3,U
sh603301,振德医疗,2025-10-15 09:31:38,59.3,9100,59.3,U
sh603301,振德医疗,2025-10-15 09:31:41,59.3,47600,59.3,U
sh603301,振德医疗,2025-10-15 09:31:44,59.3,11400,59.3,U
sh603301,振德医疗,2025-10-15 09:31:47,59.3,8600,59.3,U
sh603301,振德医疗,2025-10-15 09:31:50,59.3,4900,59.3,U
sh603301,振德医疗,2025-10-15 09:31:53,59.3,15000,59.3,U
sh603301,振德医疗,2025-10-15 09:31:56,59.3,32500,59.3,U
sh603301,振德医疗,2025-10-15 09:31:59,59.3,4900,59.3,U
sh603301,振德医疗,2025-10-15 09:32:02,59.3,5400,59.3,U
sh603301,振德医疗,2025-10-15 09:32:05,59.3,54500,59.3,U
sh603301,振德医疗,2025-10-15 09:32:08,59.3,18100,59.3,U
sh603301,振德医疗,2025-10-15 09:32:11,59.3,41000,59.3,U
sh603301,振德医疗,2025-10-15 09:32:14,59.3,14000,59.3,U
sh603301,振德医疗,2025-10-15 09:32:17,59.3,53100,59.3,U
sh603301,振德医疗,2025-10-15 09:32:20,59.3,10400,59.3,U
sh603301,振德医疗,2025-10-15 09:32:23,59.3,45700,59.3,U
sh603301,振德医疗,2025-10-15 09:32:26,59.3,22600,59.3,U
sh603301,振德医疗,2025-10-15 09:32:29,59.3,68600,59.3,U
sh603301,振德医疗,2025-10-15 09:32:32,59.3,54300,59.3,U
sh603301,振德医疗,2025-10-15 09:32:35,59.3,18808,59.3,U
sh603301,振德医疗,2025-10-15 09:32:38,59.3,21500,59.3,D
sh603301,振德医疗,2025-10-15 09:32:41,59.45,22100,59.3,U
sh603301,振德医疗,2025-10-15 09:32:44,59.44,33300,59.45,D
sh603301,振德医疗,2025-10-15 09:32:47,59.46,37800,59.44,U
sh603301,振德医疗,2025-10-15 09:32:50,59.6,21500,59.46,U
sh603301,振德医疗,2025-10-15 09:32:53,59.67,39700,59.6,U
sh603301,振德医疗,2025-10-15 09:32:56,59.67,15200,59.67,U
sh603301,振德医疗,2025-10-15 09:32:59,59.67,38400,59.67,U
sh603301,振德医疗,2025-10-15 09:33:02,59.83,28600,59.67,E
sh603301,振德医疗,2025-10-15 09:33:05,59.99,33000,59.83,U
sh603301,振德医疗,2025-10-15 09:33:08,59.99,30500,59.99,E
sh603301,振德医疗,2025-10-15 09:33:11,59.99,39100,59.99,U
sh603301,振德医疗,2025-10-15 09:33:14,60.05,84800,59.99,U
sh603301,振德医疗,2025-10-15 09:33:17,60.05,12500,60.05,D
sh603301,振德医疗,2025-10-15 09:33:20,60.1,23400,60.05,U
sh603301,振德医疗,2025-10-15 09:33:23,60.12,24600,60.1,U
sh603301,振德医疗,2025-10-15 09:33:26,59.99,67600,60.12,D
sh603301,振德医疗,2025-10-15 09:33:29,59.96,100000,59.99,D
sh603301,振德医疗,2025-10-15 09:33:32,59.67,24900,59.96,E
sh603301,振德医疗,2025-10-15 09:33:35,59.43,51700,59.67,D
sh603301,振德医疗,2025-10-15 09:33:38,59.3,42000,59.43,D
sh603301,振德医疗,2025-10-15 09:33:41,59.3,47200,59.3,D
sh603301,振德医疗,2025-10-15 09:33:44,59.3,69700,59.3,D
sh603301,振德医疗,2025-10-15 09:33:47,59.3,14900,59.3,U
sh603301,振德医疗,2025-10-15 09:33:50,59.3,70600,59.3,U
sh603301,振德医疗,2025-10-15 09:33:53,59.3,16000,59.3,U
sh603301,振德医疗,2025-10-15 09:33:56,59.3,23300,59.3,U
sh603301,振德医疗,2025-10-15 09:33:59,59.3,26100,59.3,U
sh603301,振德医疗,2025-10-15 09:34:02,59.31,102300,59.3,U
sh603301,振德医疗,2025-10-15 09:34:05,59.35,17200,59.31,E
sh603301,振德医疗,2025-10-15 09:34:11,59.43,11027,59.43,U
sh603301,振德医疗,2025-10-15 09:34:14,59.31,32700,59.43,E
sh603301,振德医疗,2025-10-15 09:34:17,59.33,44773,59.31,D
sh603301,振德医疗,2025-10-15 09:34:20,59.3,20000,59.33,U
sh603301,振德医疗,2025-10-15 09:34:23,59.3,19900,59.3,D
sh603301,振德医疗,2025-10-15 09:34:26,59.3,25200,59.3,U
sh603301,振德医疗,2025-10-15 09:34:29,59.3,16400,59.3,U
sh603301,振德医疗,2025-10-15 09:34:32,59.3,105900,59.3,U
sh603301,振德医疗,2025-10-15 09:34:35,59.31,16200,59.3,E
sh603301,振德医疗,2025-10-15 09:34:38,59.3,26900,59.31,D
sh603301,振德医疗,2025-10-15 09:34:41,59.3,39900,59.3,U
sh603301,振德医疗,2025-10-15 09:34:44,59.3,22100,59.3,U
sh603301,振德医疗,2025-10-15 09:34:47,59.3,27000,59.3,D
sh603301,振德医疗,2025-10-15 09:34:50,59.31,21000,59.3,U
sh603301,振德医疗,2025-10-15 09:34:53,59.3,18300,59.31,D
sh603301,振德医疗,2025-10-15 09:34:56,59.31,6100,59.3,U
sh603301,振德医疗,2025-10-15 09:34:59,59.31,16400,59.31,D
sh603301,振德医疗,2025-10-15 09:35:02,59.3,11700,59.31,D
sh603301,振德医疗,2025-10-15 09:35:05,59.3,7600,59.3,D
sh603301,振德医疗,2025-10-15 09:35:08,59.31,23600,59.3,U
sh603301,振德医疗,2025-10-15 09:35:11,59.31,11500,59.31,U
sh603301,振德医疗,2025-10-15 09:35:14,59.31,42200,59.31,U
sh603301,振德医疗,2025-10-15 09:35:17,59.31,19700,59.31,D
sh603301,振德医疗,2025-10-15 09:35:20,59.32,45000,59.31,U
sh603301,振德医疗,2025-10-15 09:35:23,59.31,6100,59.32,D
sh603301,振德医疗,2025-10-15 09:35:26,59.3,25500,59.31,E
sh603301,振德医疗,2025-10-15 09:35:29,59.32,13500,59.3,U
sh603301,振德医疗,2025-10-15 09:35:32,59.31,3400,59.32,D
sh603301,振德医疗,2025-10-15 09:35:35,59.32,7200,59.31,U
sh603301,振德医疗,2025-10-15 09:35:38,59.32,17500,59.32,U
sh603301,振德医疗,2025-10-15 09:35:41,59.32,19300,59.32,D
sh603301,振德医疗,2025-10-15 09:35:44,59.32,27700,59.32,D
sh603301,振德医疗,2025-10-15 09:35:47,59.3,46400,59.32,D
sh603301,振德医疗,2025-10-15 09:35:50,59.3,7200,59.3,U
sh603301,振德医疗,2025-10-15 09:35:53,59.3,4800,59.3,U
sh603301,振德医疗,2025-10-15 09:35:56,59.3,26800,59.3,U
sh603301,振德医疗,2025-10-15 09:35:59,59.3,17800,59.3,U
sh603301,振德医疗,2025-10-15 09:36:02,59.3,21100,59.3,U
sh603301,振德医疗,2025-10-15 09:36:05,59.3,18400,59.3,U
sh603301,振德医疗,2025-10-15 09:36:08,59.3,53600,59.3,U
sh603301,振德医疗,2025-10-15 09:36:14,59.3,18700,59.3,U
sh603301,振德医疗,2025-10-15 09:36:17,59.3,79200,59.3,U
sh603301,振德医疗,2025-10-15 09:36:20,59.3,11300,59.3,D
sh603301,振德医疗,2025-10-15 09:36:23,59.3,21100,59.3,D
sh603301,振德医疗,2025-10-15 09:36:29,59.3,7900,59.3,U
sh603301,振德医疗,2025-10-15 09:36:32,59.3,5700,59.3,U
sh603301,振德医疗,2025-10-15 09:36:35,59.3,5800,59.3,U
sh603301,振德医疗,2025-10-15 09:36:38,59.3,5600,59.3,U
sh603301,振德医疗,2025-10-15 09:36:41,59.3,28700,59.3,U
sh603301,振德医疗,2025-10-15 09:36:44,59.3,10100,59.3,D
sh603301,振德医疗,2025-10-15 09:36:47,59.31,9900,59.3,U
sh603301,振德医疗,2025-10-15 09:36:50,59.3,6000,59.31,D
sh603301,振德医疗,2025-10-15 09:36:53,59.3,6500,59.3,D
sh603301,振德医疗,2025-10-15 09:36:56,59.3,9800,59.3,D
sh603301,振德医疗,2025-10-15 09:36:59,59.31,7900,59.3,U
sh603301,振德医疗,2025-10-15 09:37:02,59.3,13000,59.31,D
sh603301,振德医疗,2025-10-15 09:37:05,59.3,7800,59.3,D
sh603301,振德医疗,2025-10-15 09:37:08,59.31,30000,59.3,U
sh603301,振德医疗,2025-10-15 09:37:11,59.31,29900,59.31,U
sh603301,振德医疗,2025-10-15 09:37:14,59.3,6800,59.31,D
sh603301,振德医疗,2025-10-15 09:37:23,59.3,7200,59.3,U
sh603301,振德医疗,2025-10-15 09:37:26,59.3,23800,59.3,U
sh603301,振德医疗,2025-10-15 09:37:32,59.3,4700,59.3,U
sh603301,振德医疗,2025-10-15 09:37:35,59.3,6900,59.3,U
sh603301,振德医疗,2025-10-15 09:37:38,59.3,53100,59.3,U
sh603301,振德医疗,2025-10-15 09:37:47,59.3,4500,59.3,U
sh603301,振德医疗,2025-10-15 09:38:05,59.3,29800,59.3,U
sh603301,振德医疗,2025-10-15 09:38:14,59.3,4200,59.3,U
sh603301,振德医疗,2025-10-15 09:38:23,59.3,17300,59.3,U
sh603301,振德医疗,2025-10-15 09:38:29,59.3,77300,59.3,U
sh603301,振德医疗,2025-10-15 09:38:50,59.3,51400,59.3,U
sh603301,振德医疗,2025-10-15 09:38:53,59.3,9700,59.3,U
sh603301,振德医疗,2025-10-15 09:39:02,59.3,3900,59.3,U
sh603301,振德医疗,2025-10-15 09:39:08,59.3,102400,59.3,U
sh603301,振德医疗,2025-10-15 09:39:20,59.3,10300,59.3,U
sh603301,振德医疗,2025-10-15 09:39:26,59.3,204000,59.3,U
sh603301,振德医疗,2025-10-15 09:39:38,59.3,21100,59.3,U
sh603301,振德医疗,2025-10-15 09:39:44,59.3,5600,59.3,U
sh603301,振德医疗,2025-10-15 09:39:47,59.3,3800,59.3,U
sh603301,振德医疗,2025-10-15 09:39:50,59.3,3500,59.3,U
sh603301,振德医疗,2025-10-15 09:39:56,59.3,6300,59.3,U
sh603301,振德医疗,2025-10-15 09:39:59,59.3,5900,59.3,U
sh603301,振德医疗,2025-10-15 09:40:02,59.3,4700,59.3,U
sh603301,振德医疗,2025-10-15 09:40:08,59.3,30400,59.3,U
sh603301,振德医疗,2025-10-15 09:40:11,59.3,10100,59.3,U
sh603301,振德医疗,2025-10-15 09:40:14,59.3,58000,59.3,U
sh603301,振德医疗,2025-10-15 09:40:17,59.3,21600,59.3,U
sh603301,振德医疗,2025-10-15 09:40:20,59.3,31700,59.3,U
sh603301,振德医疗,2025-10-15 09:40:23,59.3,22400,59.3,U
sh603301,振德医疗,2025-10-15 09:40:26,59.3,17900,59.3,U
sh603301,振德医疗,2025-10-15 09:40:29,59.3,6500,59.3,U
sh603301,振德医疗,2025-10-15 09:40:32,59.32,27420,59.3,U
sh603301,振德医疗,2025-10-15 09:40:35,59.32,4900,59.32,U
sh603301,振德医疗,2025-10-15 09:40:38,59.31,6100,59.32,D
sh603301,振德医疗,2025-10-15 09:40:41,59.31,16400,59.31,D
sh603301,振德医疗,2025-10-15 09:40:44,59.31,15500,59.31,D
sh603301,振德医疗,2025-10-15 09:40:47,59.31,4800,59.31,U
sh603301,振德医疗,2025-10-15 09:40:50,59.3,18600,59.31,D
sh603301,振德医疗,2025-10-15 09:40:53,59.3,19500,59.3,D
sh603301,振德医疗,2025-10-15 09:40:56,59.37,44427,59.3,U
sh603301,振德医疗,2025-10-15 09:40:59,59.37,10300,59.37,D
sh603301,振德医疗,2025-10-15 09:41:02,59.38,12300,59.37,U
sh603301,振德医疗,2025-10-15 09:41:05,59.48,10200,59.38,U
sh603301,振德医疗,2025-10-15 09:41:08,59.48,9500,59.48,E
sh603301,振德医疗,2025-10-15 09:41:17,59.67,3600,59.58,U
sh603301,振德医疗,2025-10-15 09:41:20,59.77,14500,59.67,U
sh603301,振德医疗,2025-10-15 09:41:23,59.84,3500,59.77,U
sh603301,振德医疗,2025-10-15 09:41:26,59.96,3900,59.84,U
sh603301,振德医疗,2025-10-15 09:41:35,60.5,4400,60.1,U
sh603301,振德医疗,2025-10-15 09:41:38,60.5,6700,60.5,U
sh603301,振德医疗,2025-10-15 09:41:41,60.44,10000,60.5,D
sh603301,振德医疗,2025-10-15 09:41:44,60.44,30900,60.44,U
sh603301,振德医疗,2025-10-15 09:41:47,60.37,27700,60.44,E
sh603301,振德医疗,2025-10-15 09:41:50,60.1,33100,60.37,D
sh603301,振德医疗,2025-10-15 09:41:53,60.36,14300,60.1,E
sh603301,振德医疗,2025-10-15 09:41:56,60.09,22800,60.36,D
sh603301,振德医疗,2025-10-15 09:41:59,59.96,20176,60.09,D
sh603301,振德医疗,2025-10-15 09:42:02,60.11,10700,59.96,U
sh603301,振德医疗,2025-10-15 09:42:08,60.29,8600,60.33,E
sh603301,振德医疗,2025-10-15 09:42:11,60.09,41400,60.29,D
sh603301,振德医疗,2025-10-15 09:42:14,60.21,16400,60.09,E
sh603301,振德医疗,2025-10-15 09:42:17,60.23,22600,60.21,U
sh603301,振德医疗,2025-10-15 09:42:20,60.3,5500,60.23,U
sh603301,振德医疗,2025-10-15 09:42:23,60.3,9600,60.3,U
sh603301,振德医疗,2025-10-15 09:42:26,60.23,21700,60.3,D
sh603301,振德医疗,2025-10-15 09:42:29,60.29,9800,60.23,U
sh603301,振德医疗,2025-10-15 09:42:32,60.29,12300,60.29,U
sh603301,振德医疗,2025-10-15 09:42:35,60.19,48600,60.29,D
sh603301,振德医疗,2025-10-15 09:42:38,60.2,25900,60.19,U
sh603301,振德医疗,2025-10-15 09:42:41,60.19,10100,60.2,U
sh603301,振德医疗,2025-10-15 09:42:44,60.0,15200,60.19,E
sh603301,振德医疗,2025-10-15 09:42:47,59.59,12000,60.0,D
sh603301,振德医疗,2025-10-15 09:42:50,60.0,7700,59.59,U
sh603301,振德医疗,2025-10-15 09:42:53,60.0,7000,60.0,D
sh603301,振德医疗,2025-10-15 09:42:59,59.97,7300,59.98,E
sh603301,振德医疗,2025-10-15 09:43:02,59.98,4800,59.97,D
sh603301,振德医疗,2025-10-15 09:43:05,59.98,11500,59.98,U
sh603301,振德医疗,2025-10-15 09:43:08,60.0,21300,59.98,U
sh603301,振德医疗,2025-10-15 09:43:11,59.99,8600,60.0,E
sh603301,振德医疗,2025-10-15 09:43:14,60.0,13100,59.99,U
sh603301,振德医疗,2025-10-15 09:43:17,60.0,6400,60.0,D
sh603301,振德医疗,2025-10-15 09:43:20,60.0,10800,60.0,U
sh603301,振德医疗,2025-10-15 09:43:23,59.99,6600,60.0,D
sh603301,振德医疗,2025-10-15 09:43:29,59.99,3900,60.0,D
sh603301,振德医疗,2025-10-15 09:43:32,60.0,5300,59.99,U
sh603301,振德医疗,2025-10-15 09:43:35,60.0,4500,60.0,U
sh603301,振德医疗,2025-10-15 09:43:38,60.07,5000,60.0,U
sh603301,振德医疗,2025-10-15 09:43:41,60.02,7700,60.07,E
sh603301,振德医疗,2025-10-15 09:43:47,60.09,6800,60.08,U
sh603301,振德医疗,2025-10-15 09:43:50,60.1,7500,60.09,U
sh603301,振德医疗,2025-10-15 09:43:59,60.37,5400,60.25,U
sh603301,振德医疗,2025-10-15 09:44:02,60.37,4200,60.37,U
sh603301,振德医疗,2025-10-15 09:44:05,60.5,7700,60.37,U
sh603301,振德医疗,2025-10-15 09:44:08,60.4,4400,60.5,D
sh603301,振德医疗,2025-10-15 09:44:20,61.1,4200,60.99,U
sh603301,振德医疗,2025-10-15 09:44:26,61.4,3400,61.15,U
sh603301,振德医疗,2025-10-15 09:44:29,61.62,3600,61.4,U
sh603301,振德医疗,2025-10-15 09:44:35,61.76,17900,61.76,U
sh603301,振德医疗,2025-10-15 09:44:38,61.8,34000,61.76,U
sh603301,振德医疗,2025-10-15 09:44:41,61.77,65100,61.8,D
sh603301,振德医疗,2025-10-15 09:44:44,61.91,132100,61.77,U
sh603301,振德医疗,2025-10-15 09:44:47,61.9,11800,61.91,E
sh603301,振德医疗,2025-10-15 09:44:50,61.91,40400,61.9,U
sh603301,振德医疗,2025-10-15 09:44:53,61.93,38000,61.91,U
sh603301,振德医疗,2025-10-15 09:44:56,61.91,19400,61.93,E
sh603301,振德医疗,2025-10-15 09:44:59,61.97,8500,61.91,U
sh603301,振德医疗,2025-10-15 09:45:02,61.96,15900,61.97,D
sh603301,振德医疗,2025-10-15 09:45:05,61.99,7100,61.96,U
sh603301,振德医疗,2025-10-15 09:45:08,62.02,51900,61.99,U
sh603301,振德医疗,2025-10-15 09:45:11,62.02,71000,62.02,D
sh603301,振德医疗,2025-10-15 09:45:14,62.0,46600,62.02,D
sh603301,振德医疗,2025-10-15 09:45:17,61.88,15000,62.0,D
sh603301,振德医疗,2025-10-15 09:45:20,61.61,21200,61.88,D
sh603301,振德医疗,2025-10-15 09:45:23,61.51,8100,61.61,D
sh603301,振德医疗,2025-10-15 09:45:26,61.2,7200,61.51,D
sh603301,振德医疗,2025-10-15 09:45:29,61.2,9000,61.2,D
sh603301,振德医疗,2025-10-15 09:45:32,61.1,28900,61.2,D
sh603301,振德医疗,2025-10-15 09:45:35,60.68,18700,61.1,D
sh603301,振德医疗,2025-10-15 09:45:38,60.91,3300,60.68,E
sh603301,振德医疗,2025-10-15 09:45:41,60.92,16000,60.91,U
sh603301,振德医疗,2025-10-15 09:45:44,61.03,85200,60.92,U
sh603301,振德医疗,2025-10-15 09:45:47,61.0,14900,61.03,D
sh603301,振德医疗,2025-10-15 09:45:50,61.0,8200,61.0,D
sh603301,振德医疗,2025-10-15 09:45:53,61.0,16800,61.0,D
sh603301,振德医疗,2025-10-15 09:45:56,61.4,3600,61.0,E
sh603301,振德医疗,2025-10-15 09:45:59,61.4,23600,61.4,D
sh603301,振德医疗,2025-10-15 09:46:02,61.52,10000,61.4,U
sh603301,振德医疗,2025-10-15 09:46:05,61.49,7300,61.52,D
sh603301,振德医疗,2025-10-15 09:46:08,61.58,4800,61.49,U
sh603301,振德医疗,2025-10-15 09:46:17,61.63,7400,61.55,U
sh603301,振德医疗,2025-10-15 09:46:23,61.63,12100,61.63,U
sh603301,振德医疗,2025-10-15 09:46:26,61.63,10700,61.63,U
sh603301,振德医疗,2025-10-15 09:46:29,61.63,6800,61.63,D
sh603301,振德医疗,2025-10-15 09:46:32,61.63,12200,61.63,D
sh603301,振德医疗,2025-10-15 09:46:35,61.63,5600,61.63,D
sh603301,振德医疗,2025-10-15 09:46:38,61.69,15600,61.63,E
sh603301,振德医疗,2025-10-15 09:46:41,61.75,35300,61.69,U
sh603301,振德医疗,2025-10-15 09:46:44,62.0,13300,61.75,U
sh603301,振德医疗,2025-10-15 09:46:50,61.99,8000,61.99,D
sh603301,振德医疗,2025-10-15 09:46:53,61.9,29100,61.99,D
sh603301,振德医疗,2025-10-15 09:46:56,61.77,30000,61.9,U
sh603301,振德医疗,2025-10-15 09:46:59,61.75,11900,61.77,D
sh603301,振德医疗,2025-10-15 09:47:02,61.91,5700,61.75,E
sh603301,振德医疗,2025-10-15 09:47:05,61.91,6300,61.91,U
sh603301,振德医疗,2025-10-15 09:47:08,61.91,38900,61.91,U
sh603301,振德医疗,2025-10-15 09:47:11,61.91,6500,61.91,D
sh603301,振德医疗,2025-10-15 09:47:14,61.97,6200,61.91,U
sh603301,振德医疗,2025-10-15 09:47:17,61.97,21500,61.97,D
sh603301,振德医疗,2025-10-15 09:47:20,61.98,5400,61.97,U
sh603301,振德医疗,2025-10-15 09:47:23,61.98,5400,61.98,U
sh603301,振德医疗,2025-10-15 09:47:26,61.98,19800,61.98,U
sh603301,振德医疗,2025-10-15 09:47:29,61.98,10500,61.98,U
sh603301,振德医疗,2025-10-15 09:47:32,61.98,6400,61.98,U
sh603301,振德医疗,2025-10-15 09:47:35,61.98,24600,61.98,U
sh603301,振德医疗,2025-10-15 09:47:41,61.99,4300,61.99,U
sh603301,振德医疗,2025-10-15 09:47:44,62.0,20800,61.99,U
sh603301,振德医疗,2025-10-15 09:47:50,62.0,12900,62.02,D
sh603301,振德医疗,2025-10-15 09:47:56,62.03,3700,62.03,U
sh603301,振德医疗,2025-10-15 09:48:08,62.09,3300,62.07,U
sh603301,振德医疗,2025-10-15 09:48:14,62.1,9100,62.09,U
sh603301,振德医疗,2025-10-15 09:48:23,62.29,5800,62.3,E
sh603301,振德医疗,2025-10-15 09:48:26,62.35,57000,62.29,U
sh603301,振德医疗,2025-10-15 09:48:29,62.26,39900,62.35,D
sh603301,振德医疗,2025-10-15 09:48:32,62.26,13800,62.26,U
sh603301,振德医疗,2025-10-15 09:48:35,62.26,16000,62.26,U
sh603301,振德医疗,2025-10-15 09:48:38,62.32,10200,62.26,U
sh603301,振德医疗,2025-10-15 09:48:44,62.33,11100,62.26,E
sh603301,振德医疗,2025-10-15 09:48:47,62.34,8800,62.33,U
sh603301,振德医疗,2025-10-15 09:48:50,62.35,11300,62.34,U
sh603301,振德医疗,2025-10-15 09:48:53,62.38,10900,62.35,U
sh603301,振德医疗,2025-10-15 09:48:56,62.38,4100,62.38,D
sh603301,振德医疗,2025-10-15 09:48:59,62.46,7200,62.38,U
sh603301,振德医疗,2025-10-15 09:49:02,62.38,13900,62.46,D
sh603301,振德医疗,2025-10-15 09:49:05,62.46,12142,62.38,U
sh603301,振德医疗,2025-10-15 09:49:08,62.46,4300,62.46,D
sh603301,振德医疗,2025-10-15 09:49:11,62.49,4900,62.46,U
sh603301,振德医疗,2025-10-15 09:49:14,62.49,3700,62.49,U
sh603301,振德医疗,2025-10-15 09:49:20,62.46,45400,62.5,D
sh603301,振德医疗,2025-10-15 09:49:23,62.46,35858,62.46,D
sh603301,振德医疗,2025-10-15 09:49:26,62.47,7600,62.46,U
sh603301,振德医疗,2025-10-15 09:49:29,62.5,8390,62.47,U
sh603301,振德医疗,2025-10-15 09:49:32,62.53,4600,62.5,U
sh603301,振德医疗,2025-10-15 09:49:38,62.6,11400,62.6,U
sh603301,振德医疗,2025-10-15 09:49:50,62.74,4500,62.63,U
sh603301,振德医疗,2025-10-15 09:49:56,62.79,15000,62.74,U
sh603301,振德医疗,2025-10-15 09:50:08,62.85,6000,62.86,D
sh603301,振德医疗,2025-10-15 09:50:11,62.98,5200,62.85,E
sh603301,振德医疗,2025-10-15 09:50:14,62.99,6200,62.98,U
sh603301,振德医疗,2025-10-15 09:50:17,62.99,25500,62.99,D
sh603301,振德医疗,2025-10-15 09:50:20,63.02,49900,62.99,U
sh603301,振德医疗,2025-10-15 09:50:23,63.02,18700,63.02,D
sh603301,振德医疗,2025-10-15 09:50:26,63.01,18100,63.02,D
sh603301,振德医疗,2025-10-15 09:50:29,63.1,10300,63.01,U
sh603301,振德医疗,2025-10-15 09:50:32,63.17,12900,63.1,U
sh603301,振德医疗,2025-10-15 09:50:35,63.19,4500,63.17,U
sh603301,振德医疗,2025-10-15 09:50:44,63.49,9600,63.39,U
sh603301,振德医疗,2025-10-15 09:50:47,63.5,5100,63.49,U
sh603301,振德医疗,2025-10-15 09:50:50,63.58,9500,63.5,U
sh603301,振德医疗,2025-10-15 09:51:02,63.96,12700,63.86,U
sh603301,振德医疗,2025-10-15 09:51:05,63.98,16400,63.96,U
sh603301,振德医疗,2025-10-15 09:51:08,64.02,6800,63.98,U
sh603301,振德医疗,2025-10-15 09:51:11,64.05,4100,64.02,U
sh603301,振德医疗,2025-10-15 09:51:20,64.5,4200,64.5,U
sh603301,振德医疗,2025-10-15 09:51:23,64.52,5800,64.5,U
sh603301,振德医疗,2025-10-15 09:51:26,64.52,11700,64.52,D
sh603301,振德医疗,2025-10-15 09:51:29,64.57,28073,64.52,U
sh603301,振德医疗,2025-10-15 09:51:32,64.57,40700,64.57,U
sh603301,振德医疗,2025-10-15 09:51:35,64.58,14800,64.57,U
sh603301,振德医疗,2025-10-15 09:51:38,64.58,31600,64.58,U
sh603301,振德医疗,2025-10-15 09:51:41,64.58,11400,64.58,D
sh603301,振德医疗,2025-10-15 09:51:47,64.88,10600,64.84,U
sh603301,振德医疗,2025-10-15 09:51:50,65.0,4800,64.88,U
sh603301,振德医疗,2025-10-15 09:51:53,65.0,7700,65.0,U
sh603301,振德医疗,2025-10-15 09:51:56,65.17,18900,65.0,U
sh603301,振德医疗,2025-10-15 09:51:59,65.17,6000,65.17,U
sh603301,振德医疗,2025-10-15 09:52:02,65.17,22300,65.17,U
sh603301,振德医疗,2025-10-15 09:52:05,65.2,8400,65.17,U
sh603301,振德医疗,2025-10-15 09:52:08,65.3,35800,65.2,U
sh603301,振德医疗,2025-10-15 09:52:11,65.31,14500,65.3,U
sh603301,振德医疗,2025-10-15 09:52:14,65.31,21900,65.31,U
sh603301,振德医疗,2025-10-15 09:52:17,65.31,14300,65.31,E
sh603301,振德医疗,2025-10-15 09:52:20,65.3,26200,65.31,D
sh603301,振德医疗,2025-10-15 09:52:23,65.3,66200,65.3,U
sh603301,振德医疗,2025-10-15 09:52:26,65.17,20900,65.3,D
sh603301,振德医疗,2025-10-15 09:52:29,65.17,16100,65.17,D
sh603301,振德医疗,2025-10-15 09:52:32,64.88,35800,65.17,D
sh603301,振德医疗,2025-10-15 09:52:35,65.0,15700,64.88,U
sh603301,振德医疗,2025-10-15 09:52:38,64.52,7700,65.0,D
sh603301,振德医疗,2025-10-15 09:52:41,64.58,8400,64.52,U
sh603301,振德医疗,2025-10-15 09:52:44,64.27,5200,64.58,D
sh603301,振德医疗,2025-10-15 09:52:47,64.0,6500,64.27,D
sh603301,振德医疗,2025-10-15 09:52:50,63.86,14200,64.0,D
sh603301,振德医疗,2025-10-15 09:52:53,63.86,24000,63.86,D
sh603301,振德医疗,2025-10-15 09:52:56,63.78,5800,63.86,D
sh603301,振德医疗,2025-10-15 09:52:59,63.5,5700,63.78,D
sh603301,振德医疗,2025-10-15 09:53:11,63.0,11300,63.17,D
sh603301,振德医疗,2025-10-15 09:53:14,63.0,5800,63.0,D
sh603301,振德医疗,2025-10-15 09:53:17,63.0,20200,63.0,D
sh603301,振德医疗,2025-10-15 09:53:20,63.0,19200,63.0,D
sh603301,振德医疗,2025-10-15 09:53:23,63.0,9500,63.0,D
sh603301,振德医疗,2025-10-15 09:53:29,62.98,7400,63.0,D
sh603301,振德医疗,2025-10-15 09:53:32,63.0,3600,62.98,U
sh603301,振德医疗,2025-10-15 09:53:35,62.98,12200,63.0,D
sh603301,振德医疗,2025-10-15 09:53:38,62.98,17800,62.98,U
sh603301,振德医疗,2025-10-15 09:53:41,62.86,5575,62.98,E
sh603301,振德医疗,2025-10-15 09:53:44,62.98,7800,62.86,U
sh603301,振德医疗,2025-10-15 09:53:47,63.0,7400,62.98,U
sh603301,振德医疗,2025-10-15 09:53:50,62.99,8300,63.0,E
sh603301,振德医疗,2025-10-15 09:53:53,63.02,4500,62.99,D
sh603301,振德医疗,2025-10-15 09:53:59,63.09,5300,63.09,U
sh603301,振德医疗,2025-10-15 09:54:02,63.1,10600,63.09,U
sh603301,振德医疗,2025-10-15 09:54:05,63.09,5625,63.1,D
sh603301,振德医疗,2025-10-15 09:54:11,63.19,11700,63.16,U
sh603301,振德医疗,2025-10-15 09:54:14,63.19,3300,63.19,U
sh603301,振德医疗,2025-10-15 09:54:20,63.39,5100,63.2,U
sh603301,振德医疗,2025-10-15 09:54:44,63.85,4400,63.81,E
sh603301,振德医疗,2025-10-15 09:54:53,63.98,3800,63.98,U
sh603301,振德医疗,2025-10-15 09:54:59,64.38,12500,64.02,U
sh603301,振德医疗,2025-10-15 09:55:05,64.45,3400,64.45,E
sh603301,振德医疗,2025-10-15 09:55:11,64.52,7400,64.46,U
sh603301,振德医疗,2025-10-15 09:55:14,64.49,3400,64.52,D
sh603301,振德医疗,2025-10-15 09:55:20,64.57,12200,64.55,U
sh603301,振德医疗,2025-10-15 09:55:23,64.54,10900,64.57,E
sh603301,振德医疗,2025-10-15 09:55:26,64.54,5600,64.54,U
sh603301,振德医疗,2025-10-15 09:55:29,64.46,14100,64.54,D
sh603301,振德医疗,2025-10-15 09:55:32,64.0,14400,64.46,D
sh603301,振德医疗,2025-10-15 09:55:38,63.86,18200,63.98,D
sh603301,振德医疗,2025-10-15 09:55:41,63.86,6100,63.86,D
sh603301,振德医疗,2025-10-15 09:55:47,63.77,7600,63.78,D
sh603301,振德医疗,2025-10-15 09:55:50,63.66,4400,63.77,D
sh603301,振德医疗,2025-10-15 09:55:56,63.58,17000,63.66,D
sh603301,振德医疗,2025-10-15 09:55:59,63.58,6700,63.58,D
sh603301,振德医疗,2025-10-15 09:56:02,63.55,6600,63.58,D
sh603301,振德医疗,2025-10-15 09:56:05,63.66,26900,63.55,U
sh603301,振德医疗,2025-10-15 09:56:08,63.64,8300,63.66,U
sh603301,振德医疗,2025-10-15 09:56:11,63.65,6600,63.64,U
sh603301,振德医疗,2025-10-15 09:56:23,63.2,6300,63.2,D
sh603301,振德医疗,2025-10-15 09:56:29,63.19,6800,63.19,D
sh603301,振德医疗,2025-10-15 09:56:32,63.14,9600,63.19,D
sh603301,振德医疗,2025-10-15 09:56:35,63.17,4500,63.14,U
sh603301,振德医疗,2025-10-15 09:56:41,63.13,4300,63.19,D
sh603301,振德医疗,2025-10-15 09:56:44,63.12,4800,63.13,D
sh603301,振德医疗,2025-10-15 09:56:47,63.12,4400,63.12,D
sh603301,振德医疗,2025-10-15 09:56:53,63.12,5300,63.14,D
sh603301,振德医疗,2025-10-15 09:56:56,63.12,6000,63.12,D
sh603301,振德医疗,2025-10-15 09:56:59,63.12,19200,63.12,D
sh603301,振德医疗,2025-10-15 09:57:08,63.14,12900,63.14,D
sh603301,振德医疗,2025-10-15 09:57:11,63.17,3300,63.14,E
sh603301,振德医疗,2025-10-15 09:57:20,63.18,8100,63.17,U
sh603301,振德医疗,2025-10-15 09:57:23,63.18,11300,63.18,U
sh603301,振德医疗,2025-10-15 09:57:26,63.19,5500,63.18,U
sh603301,振德医疗,2025-10-15 09:57:32,63.19,4200,63.18,U
sh603301,振德医疗,2025-10-15 09:57:56,63.26,6100,63.23,E
sh603301,振德医疗,2025-10-15 09:58:02,63.29,4200,63.29,U
sh603301,振德医疗,2025-10-15 09:58:08,63.3,4000,63.3,U
sh603301,振德医疗,2025-10-15 09:58:11,63.3,4000,63.3,U
sh603301,振德医疗,2025-10-15 09:58:14,63.3,4100,63.3,U
sh603301,振德医疗,2025-10-15 09:58:32,63.65,5200,63.64,U
sh603301,振德医疗,2025-10-15 09:59:08,63.79,3300,63.77,U
sh603301,振德医疗,2025-10-15 09:59:14,63.79,5200,63.79,D
sh603301,振德医疗,2025-10-15 09:59:20,63.8,15800,63.79,U
sh603301,振德医疗,2025-10-15 09:59:23,63.79,10900,63.8,D
sh603301,振德医疗,2025-10-15 09:59:26,63.79,4700,63.79,D
sh603301,振德医疗,2025-10-15 09:59:29,63.79,5100,63.79,D
sh603301,振德医疗,2025-10-15 09:59:32,63.75,13300,63.79,D
sh603301,振德医疗,2025-10-15 09:59:35,63.67,3300,63.75,D
sh603301,振德医疗,2025-10-15 09:59:44,63.74,3400,63.79,D
sh603301,振德医疗,2025-10-15 09:59:56,63.77,3700,63.78,D
sh603301,振德医疗,2025-10-15 10:00:11,63.68,3700,63.68,D
sh603301,振德医疗,2025-10-15 10:00:17,63.65,19900,63.68,D
sh603301,振德医疗,2025-10-15 10:00:29,63.5,15700,63.65,D
sh603301,振德医疗,2025-10-15 10:00:35,63.45,9200,63.5,E
sh603301,振德医疗,2025-10-15 10:00:41,63.3,3800,63.3,D
sh603301,振德医疗,2025-10-15 10:00:44,63.3,17300,63.3,D
sh603301,振德医疗,2025-10-15 10:00:47,63.3,31600,63.3,D
sh603301,振德医疗,2025-10-15 10:00:50,63.29,7000,63.3,E
sh603301,振德医疗,2025-10-15 10:00:53,63.27,3200,63.29,E
sh603301,振德医疗,2025-10-15 10:00:56,63.27,8100,63.27,U
sh603301,振德医疗,2025-10-15 10:00:59,63.23,5600,63.27,D
sh603301,振德医疗,2025-10-15 10:01:14,63.28,13206,63.2,U
sh603301,振德医疗,2025-10-15 10:01:20,63.28,4694,63.29,D
sh603301,振德医疗,2025-10-15 10:01:32,63.28,6606,63.28,U
sh603301,振德医疗,2025-10-15 10:01:47,63.29,5000,63.29,U
sh603301,振德医疗,2025-10-15 10:02:17,63.2,4100,63.2,D
sh603301,振德医疗,2025-10-15 10:02:20,63.2,7900,63.2,D
sh603301,振德医疗,2025-10-15 10:02:29,63.19,3500,63.19,D
sh603301,振德医疗,2025-10-15 10:02:35,63.2,10000,63.19,U
sh603301,振德医疗,2025-10-15 10:02:38,63.2,3700,63.2,U
sh603301,振德医疗,2025-10-15 10:02:41,63.19,11300,63.2,E
sh603301,振德医疗,2025-10-15 10:02:50,63.18,4800,63.18,D
sh603301,振德医疗,2025-10-15 10:02:59,63.19,5000,63.18,U
sh603301,振德医疗,2025-10-15 10:03:02,63.19,3400,63.19,D
sh603301,振德医疗,2025-10-15 10:03:05,63.18,3200,63.19,D
sh603301,振德医疗,2025-10-15 10:03:26,63.19,18900,63.19,D
sh603301,振德医疗,2025-10-15 10:03:59,63.23,3200,63.23,U
sh603301,振德医疗,2025-10-15 10:04:56,63.23,4000,63.22,U
sh603301,振德医疗,2025-10-15 10:05:08,63.24,32200,63.23,U
sh603301,振德医疗,2025-10-15 10:05:17,63.23,3200,63.23,D
sh603301,振德医疗,2025-10-15 10:05:26,63.22,10700,63.23,D
sh603301,振德医疗,2025-10-15 10:06:08,63.22,3900,63.22,D
sh603301,振德医疗,2025-10-15 10:06:26,63.21,4000,63.2,U
sh603301,振德医疗,2025-10-15 10:06:41,63.2,3700,63.2,D
sh603301,振德医疗,2025-10-15 10:06:56,63.19,4000,63.19,D
sh603301,振德医疗,2025-10-15 10:06:59,63.19,4200,63.19,D
sh603301,振德医疗,2025-10-15 10:07:02,63.19,7100,63.19,D
sh603301,振德医疗,2025-10-15 10:07:05,63.18,19200,63.19,D
sh603301,振德医疗,2025-10-15 10:07:11,63.1,4600,63.15,D
sh603301,振德医疗,2025-10-15 10:07:17,63.0,4100,63.09,D
sh603301,振德医疗,2025-10-15 10:07:26,63.0,5000,63.0,D
sh603301,振德医疗,2025-10-15 10:07:32,63.01,4100,63.01,U
sh603301,振德医疗,2025-10-15 10:07:41,63.0,67100,63.0,D
sh603301,振德医疗,2025-10-15 10:07:44,62.98,32600,63.0,D
sh603301,振德医疗,2025-10-15 10:07:47,63.01,23700,62.98,U
sh603301,振德医疗,2025-10-15 10:08:02,62.88,8900,62.88,D
sh603301,振德医疗,2025-10-15 10:08:05,62.88,4600,62.88,U
sh603301,振德医疗,2025-10-15 10:08:11,62.59,5000,62.87,D
sh603301,振德医疗,2025-10-15 10:08:20,62.5,20600,62.5,D
sh603301,振德医疗,2025-10-15 10:08:29,62.46,3500,62.48,D
sh603301,振德医疗,2025-10-15 10:08:32,62.3,5900,62.46,D
sh603301,振德医疗,2025-10-15 10:08:41,62.09,7600,62.19,D
sh603301,振德医疗,2025-10-15 10:08:44,62.0,5100,62.09,D
sh603301,振德医疗,2025-10-15 10:08:47,62.0,8800,62.0,D
sh603301,振德医疗,2025-10-15 10:08:50,62.0,11800,62.0,D
sh603301,振德医疗,2025-10-15 10:08:53,61.97,11400,62.0,D
sh603301,振德医疗,2025-10-15 10:08:56,61.97,3900,61.97,D
sh603301,振德医疗,2025-10-15 10:08:59,61.91,8000,61.97,D
sh603301,振德医疗,2025-10-15 10:09:02,61.91,6400,61.91,D
sh603301,振德医疗,2025-10-15 10:09:20,61.68,10800,61.74,D
sh603301,振德医疗,2025-10-15 10:09:23,61.67,4000,61.68,D
sh603301,振德医疗,2025-10-15 10:09:29,61.62,7700,61.67,E
sh603301,振德医疗,2025-10-15 10:09:35,61.81,49300,61.67,U
sh603301,振德医疗,2025-10-15 10:09:38,61.81,19800,61.81,D
sh603301,振德医疗,2025-10-15 10:09:44,62.44,13100,62.44,D
sh603301,振德医疗,2025-10-15 10:09:47,62.44,3400,62.44,E
sh603301,振德医疗,2025-10-15 10:09:50,62.59,7500,62.44,D
sh603301,振德医疗,2025-10-15 10:09:56,62.59,4900,62.87,D
sh603301,振德医疗,2025-10-15 10:10:02,62.59,3700,62.87,D
sh603301,振德医疗,2025-10-15 10:10:20,62.8,4300,62.61,U
sh603301,振德医疗,2025-10-15 10:10:26,62.86,8600,62.8,U
sh603301,振德医疗,2025-10-15 10:10:38,62.86,11300,62.86,D
sh603301,振德医疗,2025-10-15 10:11:02,62.87,12000,62.86,U
sh603301,振德医疗,2025-10-15 10:11:47,62.92,3600,62.91,U
sh603301,振德医疗,2025-10-15 10:11:53,62.92,4200,62.9,E
sh603301,振德医疗,2025-10-15 10:12:11,63.09,23300,63.2,D
sh603301,振德医疗,2025-10-15 10:12:38,63.67,4200,63.67,U
sh603301,振德医疗,2025-10-15 10:12:41,63.66,6240,63.67,D
sh603301,振德医疗,2025-10-15 10:12:44,63.67,5760,63.66,U
sh603301,振德医疗,2025-10-15 10:13:20,63.71,4200,63.79,D
sh603301,振德医疗,2025-10-15 10:13:23,63.79,3300,63.71,U
sh603301,振德医疗,2025-10-15 10:13:32,63.69,8400,63.8,D
sh603301,振德医疗,2025-10-15 10:13:38,63.69,3400,63.8,D
sh603301,振德医疗,2025-10-15 10:13:44,63.8,3600,63.8,D
sh603301,振德医疗,2025-10-15 10:14:02,63.91,4800,63.99,D
sh603301,振德医疗,2025-10-15 10:14:44,63.8,8600,63.8,D
sh603301,振德医疗,2025-10-15 10:15:11,63.8,8100,63.78,U
sh603301,振德医疗,2025-10-15 10:15:44,63.67,14800,63.68,D
sh603301,振德医疗,2025-10-15 10:15:50,63.76,7000,63.66,U
sh603301,振德医疗,2025-10-15 10:16:02,63.97,5000,63.8,U
sh603301,振德医疗,2025-10-15 10:16:05,64.03,31500,63.97,U
sh603301,振德医疗,2025-10-15 10:16:17,64.5,4800,64.45,U
sh603301,振德医疗,2025-10-15 10:16:23,64.58,15400,64.54,U
sh603301,振德医疗,2025-10-15 10:16:50,64.87,3100,64.87,U
sh603301,振德医疗,2025-10-15 10:17:32,64.92,8800,64.94,D
sh603301,振德医疗,2025-10-15 10:17:35,64.95,45900,64.92,U
sh603301,振德医疗,2025-10-15 10:17:44,64.94,4100,64.94,U
sh603301,振德医疗,2025-10-15 10:17:47,64.93,3100,64.94,D
sh603301,振德医疗,2025-10-15 10:17:50,64.94,12900,64.93,U
sh603301,振德医疗,2025-10-15 10:17:53,64.94,14200,64.94,D
sh603301,振德医疗,2025-10-15 10:17:56,64.94,3100,64.94,D
sh603301,振德医疗,2025-10-15 10:17:59,64.97,5160,64.94,U
sh603301,振德医疗,2025-10-15 10:18:02,64.97,3100,64.97,E
sh603301,振德医疗,2025-10-15 10:18:28,64.98,3200,64.98,U
sh603301,振德医疗,2025-10-15 10:18:41,64.94,4000,64.94,D
sh603301,振德医疗,2025-10-15 10:18:44,64.94,4300,64.94,D
sh603301,振德医疗,2025-10-15 10:18:47,64.94,8700,64.94,D
sh603301,振德医疗,2025-10-15 10:18:50,64.95,12300,64.94,E
sh603301,振德医疗,2025-10-15 10:18:56,64.94,3400,64.94,D
sh603301,振德医疗,2025-10-15 10:18:59,64.94,14800,64.94,D
sh603301,振德医疗,2025-10-15 10:19:02,64.93,11840,64.94,D
sh603301,振德医疗,2025-10-15 10:19:26,64.19,10700,64.46,D
sh603301,振德医疗,2025-10-15 10:19:29,64.46,4500,64.19,U
sh603301,振德医疗,2025-10-15 10:20:02,64.0,6500,64.0,D
sh603301,振德医疗,2025-10-15 10:21:53,63.96,20400,63.99,D
sh603301,振德医疗,2025-10-15 10:22:08,63.79,10900,63.9,D
sh603301,振德医疗,2025-10-15 10:22:34,63.79,3400,63.6,U
sh603301,振德医疗,2025-10-15 10:23:14,63.6,3600,63.42,U
sh603301,振德医疗,2025-10-15 10:24:08,63.96,4000,63.94,U
sh603301,振德医疗,2025-10-15 10:25:41,63.9,4900,63.9,D
sh603301,振德医疗,2025-10-15 10:26:23,63.9,12600,63.92,D
sh603301,振德医疗,2025-10-15 10:26:44,63.89,10200,63.89,D
sh603301,振德医疗,2025-10-15 10:27:17,63.9,6460,63.89,U
sh603301,振德医疗,2025-10-15 10:27:50,63.92,4400,63.92,U
sh603301,振德医疗,2025-10-15 10:28:47,64.0,7200,63.98,U
sh603301,振德医疗,2025-10-15 10:28:59,64.0,10600,64.0,U
sh603301,振德医疗,2025-10-15 10:29:32,64.0,3600,64.0,U
sh603301,振德医疗,2025-10-15 10:31:35,64.1,3996,64.0,U
sh603301,振德医疗,2025-10-15 10:32:11,64.15,5700,64.11,U
sh603301,振德医疗,2025-10-15 10:32:41,64.24,5200,64.15,U
sh603301,振德医疗,2025-10-15 10:32:44,64.24,3400,64.24,D
sh603301,振德医疗,2025-10-15 10:33:10,64.07,6304,64.25,D
sh603301,振德医疗,2025-10-15 10:33:14,64.0,4600,64.07,D
sh603301,振德医疗,2025-10-15 10:33:59,63.78,4200,63.78,D
sh603301,振德医疗,2025-10-15 10:34:11,63.8,4900,63.8,D
sh603301,振德医疗,2025-10-15 10:34:26,63.8,21360,63.79,U
sh603301,振德医疗,2025-10-15 10:34:53,63.76,3560,63.5,U
sh603301,振德医疗,2025-10-15 10:34:56,63.5,3396,63.76,D
sh603301,振德医疗,2025-10-15 10:35:05,63.77,10900,63.62,U
sh603301,振德医疗,2025-10-15 10:35:14,63.35,3600,63.5,D
sh603301,振德医疗,2025-10-15 10:35:23,63.55,3700,63.62,D
sh603301,振德医疗,2025-10-15 10:35:41,63.63,3986,63.55,U
sh603301,振德医疗,2025-10-15 10:35:44,63.76,3600,63.63,U
sh603301,振德医疗,2025-10-15 10:36:43,63.64,7400,63.64,U
sh603301,振德医疗,2025-10-15 10:41:11,63.35,11000,63.35,D
sh603301,振德医疗,2025-10-15 10:41:23,63.35,3600,63.33,U
sh603301,振德医疗,2025-10-15 10:41:25,63.36,4100,63.35,U
sh603301,振德医疗,2025-10-15 10:41:47,63.37,3200,63.36,E
sh603301,振德医疗,2025-10-15 10:42:20,63.4,3600,63.37,U
sh603301,振德医疗,2025-10-15 10:43:11,63.53,8200,63.53,U
sh603301,振德医疗,2025-10-15 10:43:22,63.6,10300,63.55,U
sh603301,振德医疗,2025-10-15 10:43:35,63.61,3300,63.6,U
sh603301,振德医疗,2025-10-15 10:44:05,63.67,12500,63.68,D
sh603301,振德医疗,2025-10-15 10:46:08,63.5,7500,63.59,D
sh603301,振德医疗,2025-10-15 10:46:20,63.67,4300,63.67,U
sh603301,振德医疗,2025-10-15 10:47:29,63.7,3600,63.7,U
sh603301,振德医疗,2025-10-15 10:47:35,63.7,4300,63.7,U
sh603301,振德医疗,2025-10-15 10:48:40,63.76,6900,63.71,U
sh603301,振德医疗,2025-10-15 10:52:23,63.98,5200,63.99,D
sh603301,振德医疗,2025-10-15 10:52:47,64.01,8800,64.01,U
sh603301,振德医疗,2025-10-15 10:53:10,64.24,5000,64.18,U
sh603301,振德医疗,2025-10-15 10:53:53,64.55,6100,64.5,U
sh603301,振德医疗,2025-10-15 10:54:05,64.59,8300,64.56,U
sh603301,振德医疗,2025-10-15 10:54:08,64.56,4300,64.59,D
sh603301,振德医疗,2025-10-15 10:54:23,64.78,4700,64.76,U
sh603301,振德医疗,2025-10-15 10:54:29,64.75,16900,64.8,D
sh603301,振德医疗,2025-10-15 10:54:32,64.75,9400,64.75,U
sh603301,振德医疗,2025-10-15 10:54:35,64.59,8860,64.75,D
sh603301,振德医疗,2025-10-15 10:54:41,64.4,5400,64.7,D
sh603301,振德医疗,2025-10-15 10:54:52,64.4,19400,64.5,D
sh603301,振德医疗,2025-10-15 10:55:08,64.4,4400,64.31,U
sh603301,振德医疗,2025-10-15 10:55:14,64.45,5000,64.45,E
sh603301,振德医疗,2025-10-15 10:55:32,64.64,5400,64.61,U
sh603301,振德医疗,2025-10-15 10:55:50,64.7,4100,64.66,U
sh603301,振德医疗,2025-10-15 10:55:56,64.69,4500,64.69,D
sh603301,振德医疗,2025-10-15 10:56:14,64.66,5560,64.7,D
sh603301,振德医疗,2025-10-15 10:56:17,64.65,5400,64.66,D
sh603301,振德医疗,2025-10-15 10:56:50,64.6,3700,64.6,D
sh603301,振德医疗,2025-10-15 10:57:02,64.59,5400,64.67,D
sh603301,振德医疗,2025-10-15 10:57:10,64.64,4000,64.6,E
sh603301,振德医疗,2025-10-15 10:57:38,64.58,5400,64.6,D
sh603301,振德医疗,2025-10-15 10:57:56,64.59,7700,64.59,U
sh603301,振德医疗,2025-10-15 10:57:59,64.6,12300,64.59,U
sh603301,振德医疗,2025-10-15 10:58:02,64.6,8000,64.6,D
sh603301,振德医疗,2025-10-15 10:58:05,64.64,3400,64.6,U
sh603301,振德医疗,2025-10-15 10:58:08,64.65,8200,64.64,U
sh603301,振德医疗,2025-10-15 10:58:35,64.55,3300,64.55,U
sh603301,振德医疗,2025-10-15 10:58:38,64.5,5300,64.55,D
sh603301,振德医疗,2025-10-15 10:58:50,64.5,6000,64.5,D
sh603301,振德医疗,2025-10-15 10:59:05,64.5,3300,64.45,U
sh603301,振德医疗,2025-10-15 10:59:44,64.42,6700,64.4,U
sh603301,振德医疗,2025-10-15 11:00:11,64.26,3300,64.26,D
sh603301,振德医疗,2025-10-15 11:00:35,64.2,6300,64.25,D
sh603301,振德医疗,2025-10-15 11:02:59,63.88,3600,63.82,U
sh603301,振德医疗,2025-10-15 11:04:05,63.81,10400,63.83,D
sh603301,振德医疗,2025-10-15 11:04:08,63.86,5400,63.81,U
sh603301,振德医疗,2025-10-15 11:04:53,63.85,6800,63.85,U
sh603301,振德医疗,2025-10-15 11:05:20,63.81,20100,63.81,D
sh603301,振德医疗,2025-10-15 11:05:41,63.85,4600,63.84,U
sh603301,振德医疗,2025-10-15 11:05:47,63.88,7400,63.85,U
sh603301,振德医疗,2025-10-15 11:07:20,64.0,5000,64.0,U
sh603301,振德医疗,2025-10-15 11:07:23,64.17,8300,64.0,U
sh603301,振德医疗,2025-10-15 11:07:44,64.17,3600,64.17,D
sh603301,振德医疗,2025-10-15 11:08:07,64.18,4300,64.18,D
sh603301,振德医疗,2025-10-15 11:10:31,64.2,3200,64.18,U
sh603301,振德医疗,2025-10-15 11:10:35,64.24,3200,64.2,U
sh603301,振德医疗,2025-10-15 11:10:44,64.16,16600,64.17,D
sh603301,振德医疗,2025-10-15 11:12:41,64.0,4000,64.0,D
sh603301,振德医疗,2025-10-15 11:12:44,64.0,4300,64.0,D
sh603301,振德医疗,2025-10-15 11:16:32,64.12,89900,64.07,U
sh603301,振德医疗,2025-10-15 11:16:41,64.12,10700,64.08,U
sh603301,振德医疗,2025-10-15 11:17:14,64.2,4300,64.2,U
sh603301,振德医疗,2025-10-15 11:17:17,64.21,4200,64.2,U
sh603301,振德医疗,2025-10-15 11:17:26,64.29,8000,64.24,U
sh603301,振德医疗,2025-10-15 11:17:41,64.3,8200,64.3,U
sh603301,振德医疗,2025-10-15 11:18:20,64.5,14000,64.5,U
sh603301,振德医疗,2025-10-15 11:18:32,64.45,10200,64.49,D
sh603301,振德医疗,2025-10-15 11:18:59,64.5,14400,64.5,U
sh603301,振德医疗,2025-10-15 11:19:02,64.5,5100,64.5,U
sh603301,振德医疗,2025-10-15 11:19:05,64.51,12400,64.5,U
sh603301,振德医疗,2025-10-15 11:19:14,64.59,10200,64.54,U
sh603301,振德医疗,2025-10-15 11:19:17,64.59,9600,64.59,U
sh603301,振德医疗,2025-10-15 11:19:20,64.69,26700,64.59,U
sh603301,振德医疗,2025-10-15 11:19:23,64.77,16800,64.69,U
sh603301,振德医疗,2025-10-15 11:19:25,64.89,39700,64.77,U
sh603301,振德医疗,2025-10-15 11:19:32,64.94,4200,64.9,U
sh603301,振德医疗,2025-10-15 11:19:35,65.0,102842,64.94,U
sh603301,振德医疗,2025-10-15 11:19:38,65.04,3400,65.0,U
sh603301,振德医疗,2025-10-15 11:19:53,65.15,4600,65.15,D
sh603301,振德医疗,2025-10-15 11:19:56,65.17,6000,65.15,U
sh603301,振德医疗,2025-10-15 11:19:58,65.2,4200,65.17,U
sh603301,振德医疗,2025-10-15 11:20:05,65.25,4900,65.24,U
sh603301,振德医疗,2025-10-15 11:20:11,65.33,5000,65.3,U
sh603301,振德医疗,2025-10-15 11:20:14,65.33,40900,65.33,U
sh603301,振德医疗,2025-10-15 11:20:17,65.37,13560,65.33,U
sh603301,振德医疗,2025-10-15 11:20:20,65.36,25400,65.37,D
sh603301,振德医疗,2025-10-15 11:20:23,65.41,32600,65.36,D
sh603301,振德医疗,2025-10-15 11:20:26,65.46,16300,65.41,U
sh603301,振德医疗,2025-10-15 11:20:29,65.37,8940,65.46,D
sh603301,振德医疗,2025-10-15 11:20:35,65.25,13700,65.37,D
sh603301,振德医疗,2025-10-15 11:20:41,65.33,7700,65.42,D
sh603301,振德医疗,2025-10-15 11:20:50,65.15,6500,65.33,D
sh603301,振德医疗,2025-10-15 11:21:14,65.09,5400,65.09,U
sh603301,振德医疗,2025-10-15 11:21:17,65.09,3300,65.09,D
sh603301,振德医疗,2025-10-15 11:21:38,64.93,3900,64.9,U
sh603301,振德医疗,2025-10-15 11:21:56,64.94,3300,65.0,D
sh603301,振德医疗,2025-10-15 11:22:20,65.02,9400,64.98,U
sh603301,振德医疗,2025-10-15 11:22:23,64.96,10600,65.02,D
sh603301,振德医疗,2025-10-15 11:22:40,65.0,7200,65.0,U
sh603301,振德医疗,2025-10-15 11:23:14,65.03,4600,65.04,D
sh603301,振德医疗,2025-10-15 11:23:16,65.04,5900,65.03,U
sh603301,振德医疗,2025-10-15 11:23:20,65.05,3500,65.04,D
sh603301,振德医疗,2025-10-15 11:23:32,65.05,3300,65.08,D
sh603301,振德医疗,2025-10-15 11:23:59,65.14,4300,65.13,U
sh603301,振德医疗,2025-10-15 11:24:02,65.14,4100,65.14,U
sh603301,振德医疗,2025-10-15 11:24:05,65.15,7900,65.14,U
sh603301,振德医疗,2025-10-15 11:24:08,65.14,3700,65.15,D
sh603301,振德医疗,2025-10-15 11:24:11,65.15,3700,65.14,U
sh603301,振德医疗,2025-10-15 11:24:20,65.25,6700,65.25,U
sh603301,振德医疗,2025-10-15 11:24:23,65.2,4500,65.25,D
sh603301,振德医疗,2025-10-15 11:24:47,65.34,24400,65.3,U
sh603301,振德医疗,2025-10-15 11:24:53,65.34,5100,65.34,U
sh603301,振德医疗,2025-10-15 11:25:02,65.38,3300,65.38,D
sh603301,振德医疗,2025-10-15 11:25:05,65.42,3400,65.38,U
sh603301,振德医疗,2025-10-15 11:25:08,65.46,4100,65.42,U
sh603301,振德医疗,2025-10-15 11:25:17,65.48,6000,65.46,U
sh603301,振德医疗,2025-10-15 11:25:32,65.5,9060,65.5,U
sh603301,振德医疗,2025-10-15 11:25:35,65.5,8640,65.5,D
sh603301,振德医疗,2025-10-15 11:25:38,65.5,21000,65.5,U
sh603301,振德医疗,2025-10-15 11:25:53,65.55,3900,65.55,U
sh603301,振德医疗,2025-10-15 11:25:59,65.55,6500,65.56,D
sh603301,振德医疗,2025-10-15 11:26:11,65.57,3400,65.57,U
sh603301,振德医疗,2025-10-15 11:26:20,65.57,6100,65.57,U
sh603301,振德医疗,2025-10-15 11:26:29,65.57,3900,65.57,U
sh603301,振德医疗,2025-10-15 11:26:41,65.56,5100,65.56,D
sh603301,振德医疗,2025-10-15 11:26:43,65.55,5200,65.56,D
sh603301,振德医疗,2025-10-15 11:27:02,65.55,11800,65.5,U
sh603301,振德医疗,2025-10-15 11:27:14,65.56,7500,65.56,U
sh603301,振德医疗,2025-10-15 11:27:20,65.55,3700,65.56,D
sh603301,振德医疗,2025-10-15 11:27:31,65.57,8300,65.56,U
sh603301,振德医疗,2025-10-15 11:27:56,65.6,12600,65.59,U
sh603301,振德医疗,2025-10-15 11:27:59,65.6,5900,65.6,U
sh603301,振德医疗,2025-10-15 11:28:02,65.6,3200,65.6,U
sh603301,振德医疗,2025-10-15 11:28:05,65.65,3100,65.6,U
sh603301,振德医疗,2025-10-15 11:28:38,65.7,5600,65.7,D
sh603301,振德医疗,2025-10-15 11:28:41,65.74,56300,65.7,E
sh603301,振德医疗,2025-10-15 11:28:43,65.75,4500,65.74,U
sh603301,振德医疗,2025-10-15 11:28:53,65.8,6900,65.78,U
sh603301,振德医疗,2025-10-15 11:28:59,65.84,5300,65.84,U
sh603301,振德医疗,2025-10-15 11:29:05,65.89,7500,65.85,U
sh603301,振德医疗,2025-10-15 11:29:08,65.89,8600,65.89,U
sh603301,振德医疗,2025-10-15 11:29:20,65.89,6000,65.89,D
sh603301,振德医疗,2025-10-15 11:29:23,65.89,4000,65.89,D
sh603301,振德医疗,2025-10-15 11:29:26,65.89,5300,65.89,D
sh603301,振德医疗,2025-10-15 11:29:35,65.89,4500,65.89,D
sh603301,振德医疗,2025-10-15 11:29:41,65.9,3400,65.9,D
sh603301,振德医疗,2025-10-15 11:29:50,65.89,5800,65.89,D
sh603301,振德医疗,2025-10-15 13:00:02,65.9,10000,65.89,U
sh603301,振德医疗,2025-10-15 13:00:05,65.9,12900,65.9,U
sh603301,振德医疗,2025-10-15 13:00:08,65.9,12900,65.9,D
sh603301,振德医疗,2025-10-15 13:00:20,65.99,4900,65.96,U
sh603301,振德医疗,2025-10-15 13:00:29,65.99,6400,65.99,U
sh603301,振德医疗,2025-10-15 13:00:32,66.0,10700,65.99,U
sh603301,振德医疗,2025-10-15 13:00:35,66.0,10700,66.0,U
sh603301,振德医疗,2025-10-15 13:00:38,66.0,13200,66.0,U
sh603301,振德医疗,2025-10-15 13:00:41,66.0,15600,66.0,U
sh603301,振德医疗,2025-10-15 13:00:44,66.0,12600,66.0,U
sh603301,振德医疗,2025-10-15 13:00:47,66.0,34200,66.0,U
sh603301,振德医疗,2025-10-15 13:00:50,65.99,21300,66.0,D
sh603301,振德医疗,2025-10-15 13:00:53,66.0,7700,65.99,U
sh603301,振德医疗,2025-10-15 13:01:02,66.01,3500,66.02,D
sh603301,振德医疗,2025-10-15 13:01:08,66.09,6400,66.08,E
sh603301,振德医疗,2025-10-15 13:01:14,66.1,3200,66.1,D
sh603301,振德医疗,2025-10-15 13:01:17,66.15,5500,66.1,U
sh603301,振德医疗,2025-10-15 13:01:20,66.15,17200,66.15,U
sh603301,振德医疗,2025-10-15 13:01:23,66.14,6100,66.15,E
sh603301,振德医疗,2025-10-15 13:01:26,66.12,5100,66.14,D
sh603301,振德医疗,2025-10-15 13:01:32,66.15,24700,66.15,D
sh603301,振德医疗,2025-10-15 13:01:35,66.11,9100,66.15,D
sh603301,振德医疗,2025-10-15 13:01:38,66.1,7700,66.11,D
sh603301,振德医疗,2025-10-15 13:01:41,66.11,9900,66.1,E
sh603301,振德医疗,2025-10-15 13:01:44,66.1,6000,66.11,D
sh603301,振德医疗,2025-10-15 13:01:47,65.99,21800,66.1,D
sh603301,振德医疗,2025-10-15 13:01:50,66.0,26100,65.99,U
sh603301,振德医疗,2025-10-15 13:01:53,65.89,30500,66.0,D
sh603301,振德医疗,2025-10-15 13:01:56,65.88,3700,65.89,D
sh603301,振德医疗,2025-10-15 13:02:05,65.86,3100,65.86,U
sh603301,振德医疗,2025-10-15 13:02:11,65.84,21700,65.85,D
sh603301,振德医疗,2025-10-15 13:02:17,65.85,4100,65.85,D
sh603301,振德医疗,2025-10-15 13:03:02,65.86,3500,65.87,D
sh603301,振德医疗,2025-10-15 13:03:14,65.87,8500,65.86,U
sh603301,振德医疗,2025-10-15 13:04:08,65.98,7700,65.93,U
sh603301,振德医疗,2025-10-15 13:04:17,65.99,7600,65.98,U
sh603301,振德医疗,2025-10-15 13:04:20,65.9,5400,65.99,D
sh603301,振德医疗,2025-10-15 13:04:32,65.98,3200,65.98,D
sh603301,振德医疗,2025-10-15 13:04:56,66.0,8400,66.0,U
sh603301,振德医疗,2025-10-15 13:04:59,66.01,3800,66.0,U
sh603301,振德医疗,2025-10-15 13:05:11,66.0,6000,66.0,D
sh603301,振德医疗,2025-10-15 13:05:14,65.98,3100,66.0,D
sh603301,振德医疗,2025-10-15 13:05:26,65.87,18600,65.9,D
sh603301,振德医疗,2025-10-15 13:05:44,65.85,5800,65.87,D
sh603301,振德医疗,2025-10-15 13:06:20,65.8,4600,65.7,U
sh603301,振德医疗,2025-10-15 13:06:23,65.68,8000,65.8,D
sh603301,振德医疗,2025-10-15 13:06:41,65.67,6400,65.67,D
sh603301,振德医疗,2025-10-15 13:07:35,65.14,15600,65.35,D
sh603301,振德医疗,2025-10-15 13:07:38,65.14,5800,65.14,D
sh603301,振德医疗,2025-10-15 13:07:41,65.14,3800,65.14,D
sh603301,振德医疗,2025-10-15 13:07:50,65.12,4700,65.12,D
sh603301,振德医疗,2025-10-15 13:07:53,65.1,3300,65.12,D
sh603301,振德医疗,2025-10-15 13:08:05,65.1,15400,65.04,U
sh603301,振德医疗,2025-10-15 13:08:19,65.05,4800,65.13,D
sh603301,振德医疗,2025-10-15 13:09:08,65.12,4600,65.07,U
sh603301,振德医疗,2025-10-15 13:11:41,65.55,7700,65.5,U
sh603301,振德医疗,2025-10-15 13:11:44,65.46,17000,65.55,D
sh603301,振德医疗,2025-10-15 13:12:14,65.43,10400,65.45,D
sh603301,振德医疗,2025-10-15 13:13:23,65.16,3300,65.16,D
sh603301,振德医疗,2025-10-15 13:13:44,65.08,3100,65.08,U
sh603301,振德医疗,2025-10-15 13:13:47,65.07,3800,65.08,D
sh603301,振德医疗,2025-10-15 13:13:50,65.02,52000,65.07,D
sh603301,振德医疗,2025-10-15 13:13:53,65.0,72300,65.02,D
sh603301,振德医疗,2025-10-15 13:13:56,65.0,10200,65.0,U
sh603301,振德医疗,2025-10-15 13:14:47,64.9,3900,64.9,D
sh603301,振德医疗,2025-10-15 13:15:02,64.99,4700,64.96,U
sh603301,振德医疗,2025-10-15 13:15:35,64.92,14000,64.91,U
sh603301,振德医疗,2025-10-15 13:15:38,64.92,4600,64.92,D
sh603301,振德医疗,2025-10-15 13:15:41,64.91,3300,64.92,D
sh603301,振德医疗,2025-10-15 13:16:02,64.91,4600,64.91,D
sh603301,振德医疗,2025-10-15 13:16:47,65.12,3100,65.09,U
sh603301,振德医疗,2025-10-15 13:16:50,65.09,20100,65.12,D
sh603301,振德医疗,2025-10-15 13:17:08,65.31,3200,65.15,U
sh603301,振德医疗,2025-10-15 13:17:38,65.26,5200,65.3,D
sh603301,振德医疗,2025-10-15 13:18:47,65.56,7200,65.55,U
sh603301,振德医疗,2025-10-15 13:18:53,65.5,4100,65.55,D
sh603301,振德医疗,2025-10-15 13:19:32,65.56,4700,65.51,U
sh603301,振德医疗,2025-10-15 13:19:44,65.5,5600,65.56,D
sh603301,振德医疗,2025-10-15 13:19:56,65.51,4500,65.44,U
sh603301,振德医疗,2025-10-15 13:20:26,65.54,4400,65.54,U
sh603301,振德医疗,2025-10-15 13:21:26,65.44,11400,65.44,U
sh603301,振德医疗,2025-10-15 13:22:44,65.45,6900,65.45,D
sh603301,振德医疗,2025-10-15 13:22:47,65.5,12000,65.45,U
sh603301,振德医疗,2025-10-15 13:23:14,65.5,7600,65.48,U
sh603301,振德医疗,2025-10-15 13:23:20,65.54,3300,65.54,U
sh603301,振德医疗,2025-10-15 13:24:04,65.55,10500,65.55,U
sh603301,振德医疗,2025-10-15 13:25:26,65.52,11100,65.51,U
sh603301,振德医疗,2025-10-15 13:25:35,65.51,5200,65.51,U
sh603301,振德医疗,2025-10-15 13:26:20,65.49,3700,65.43,U
sh603301,振德医疗,2025-10-15 13:27:29,65.4,3100,65.44,D
sh603301,振德医疗,2025-10-15 13:28:14,65.3,10200,65.3,D
sh603301,振德医疗,2025-10-15 13:28:20,65.31,3600,65.3,U
sh603301,振德医疗,2025-10-15 13:28:56,65.13,4800,65.1,E
sh603301,振德医疗,2025-10-15 13:29:41,65.13,4300,65.11,U
sh603301,振德医疗,2025-10-15 13:29:47,65.13,4100,65.13,U
sh603301,振德医疗,2025-10-15 13:29:53,65.13,4400,65.12,U
sh603301,振德医疗,2025-10-15 13:30:08,65.14,13500,65.13,U
sh603301,振德医疗,2025-10-15 13:31:32,65.1,4300,65.1,D
sh603301,振德医疗,2025-10-15 13:31:38,65.1,3300,65.1,D
sh603301,振德医疗,2025-10-15 13:33:17,65.2,10300,65.1,U
sh603301,振德医疗,2025-10-15 13:34:31,65.5,5500,65.5,U
sh603301,振德医疗,2025-10-15 13:34:44,65.5,4500,65.5,U
sh603301,振德医疗,2025-10-15 13:35:20,65.47,7200,65.46,U
sh603301,振德医疗,2025-10-15 13:35:59,65.12,15600,65.44,D
sh603301,振德医疗,2025-10-15 13:36:41,65.14,3400,65.14,E
sh603301,振德医疗,2025-10-15 13:36:53,65.14,26600,65.37,D
sh603301,振德医疗,2025-10-15 13:37:17,65.2,3600,65.37,D
sh603301,振德医疗,2025-10-15 13:38:20,65.14,30000,65.22,D
sh603301,振德医疗,2025-10-15 13:38:26,65.28,3400,65.28,U
sh603301,振德医疗,2025-10-15 13:38:56,65.21,4200,65.21,D
sh603301,振德医疗,2025-10-15 13:39:17,65.22,12600,65.28,D
sh603301,振德医疗,2025-10-15 13:39:23,65.28,9700,65.28,U
sh603301,振德医疗,2025-10-15 13:39:38,65.29,11100,65.23,U
sh603301,振德医疗,2025-10-15 13:40:38,65.24,6300,65.25,U
sh603301,振德医疗,2025-10-15 13:40:59,65.26,6900,65.26,U
sh603301,振德医疗,2025-10-15 13:41:05,65.25,3300,65.26,D
sh603301,振德医疗,2025-10-15 13:41:44,65.34,278900,65.26,U
sh603301,振德医疗,2025-10-15 13:41:47,65.4,24100,65.34,U
sh603301,振德医疗,2025-10-15 13:41:50,65.5,4500,65.4,U
sh603301,振德医疗,2025-10-15 13:42:02,65.55,7740,65.41,U
sh603301,振德医疗,2025-10-15 13:42:17,65.58,4400,65.56,U
sh603301,振德医疗,2025-10-15 13:42:20,65.62,14200,65.58,U
sh603301,振德医疗,2025-10-15 13:42:41,65.65,6200,65.55,U
sh603301,振德医疗,2025-10-15 13:42:44,65.65,3400,65.65,U
sh603301,振德医疗,2025-10-15 13:44:05,65.82,5200,65.82,U
sh603301,振德医疗,2025-10-15 13:44:50,65.81,7100,65.8,D
sh603301,振德医疗,2025-10-15 13:45:38,65.8,3700,65.84,D
sh603301,振德医疗,2025-10-15 13:45:53,65.81,3100,65.8,U
sh603301,振德医疗,2025-10-15 13:45:56,65.8,4200,65.81,D
sh603301,振德医疗,2025-10-15 13:47:05,65.67,5800,65.56,U
sh603301,振德医疗,2025-10-15 13:48:23,65.44,9487,65.44,D
sh603301,振德医疗,2025-10-15 13:49:44,65.3,6300,65.28,U
sh603301,振德医疗,2025-10-15 13:50:20,65.61,13400,65.28,U
sh603301,振德医疗,2025-10-15 13:53:14,65.65,272900,65.6,U
sh603301,振德医疗,2025-10-15 13:53:17,65.72,4700,65.65,U
sh603301,振德医疗,2025-10-15 13:53:20,65.77,3300,65.72,U
sh603301,振德医疗,2025-10-15 13:53:23,65.85,6300,65.77,U
sh603301,振德医疗,2025-10-15 13:53:26,65.89,24500,65.85,U
sh603301,振德医疗,2025-10-15 13:53:29,65.93,12300,65.89,U
sh603301,振德医疗,2025-10-15 13:53:41,66.0,52200,65.98,U
sh603301,振德医疗,2025-10-15 13:53:56,66.05,10400,66.04,U
sh603301,振德医疗,2025-10-15 13:54:05,66.07,3300,66.08,D
sh603301,振德医疗,2025-10-15 13:54:08,66.03,7100,66.07,D
sh603301,振德医疗,2025-10-15 13:54:23,66.0,8900,66.0,U
sh603301,振德医疗,2025-10-15 13:54:26,66.0,3100,66.0,D
sh603301,振德医疗,2025-10-15 13:55:26,66.0,5000,65.99,U
sh603301,振德医疗,2025-10-15 13:55:47,66.01,4100,66.0,U
sh603301,振德医疗,2025-10-15 13:55:56,66.0,10000,66.02,D
sh603301,振德医疗,2025-10-15 13:56:17,66.02,7100,66.02,U
sh603301,振德医疗,2025-10-15 13:56:35,66.0,3800,66.02,D
sh603301,振德医疗,2025-10-15 13:57:02,65.95,3300,65.97,D
sh603301,振德医疗,2025-10-15 13:57:38,65.9,4400,65.9,D
sh603301,振德医疗,2025-10-15 13:58:50,65.93,18300,65.91,U
sh603301,振德医疗,2025-10-15 13:59:29,65.93,3800,65.89,U
sh603301,振德医疗,2025-10-15 13:59:35,65.89,3900,65.89,U
sh603301,振德医疗,2025-10-15 14:01:23,65.79,4400,65.8,D
sh603301,振德医疗,2025-10-15 14:04:56,65.61,5700,65.6,U
sh603301,振德医疗,2025-10-15 14:05:02,65.7,11900,65.7,U
sh603301,振德医疗,2025-10-15 14:08:02,65.55,4100,65.6,D
sh603301,振德医疗,2025-10-15 14:08:26,65.55,9200,65.55,U
sh603301,振德医疗,2025-10-15 14:09:59,65.21,4300,65.3,D
sh603301,振德医疗,2025-10-15 14:10:11,65.23,3400,65.1,U
sh603301,振德医疗,2025-10-15 14:10:14,65.02,3900,65.23,D
sh603301,振德医疗,2025-10-15 14:10:17,65.06,3900,65.02,U
sh603301,振德医疗,2025-10-15 14:10:20,65.21,6900,65.06,U
sh603301,振德医疗,2025-10-15 14:10:23,65.3,3400,65.21,U
sh603301,振德医疗,2025-10-15 14:10:44,65.27,4500,65.21,U
sh603301,振德医疗,2025-10-15 14:10:59,65.16,8500,65.16,D
sh603301,振德医疗,2025-10-15 14:11:02,65.26,18100,65.16,U
sh603301,振德医疗,2025-10-15 14:11:29,65.03,3800,65.05,E
sh603301,振德医疗,2025-10-15 14:11:41,65.03,12500,65.03,U
sh603301,振德医疗,2025-10-15 14:11:53,65.02,8600,65.0,U
sh603301,振德医疗,2025-10-15 14:12:08,65.0,13600,64.94,U
sh603301,振德医疗,2025-10-15 14:12:11,65.07,7400,65.0,U
sh603301,振德医疗,2025-10-15 14:12:23,65.26,3200,65.01,U
sh603301,振德医疗,2025-10-15 14:12:38,65.26,9500,65.07,U
sh603301,振德医疗,2025-10-15 14:12:53,65.02,4300,65.02,U
sh603301,振德医疗,2025-10-15 14:13:11,65.06,5874,65.06,U
sh603301,振德医疗,2025-10-15 14:13:32,65.06,4251,65.03,U
sh603301,振德医疗,2025-10-15 14:15:23,65.2,5500,65.15,U
sh603301,振德医疗,2025-10-15 14:16:14,65.18,3100,65.15,U
sh603301,振德医疗,2025-10-15 14:17:05,65.15,4400,65.15,D
sh603301,振德医疗,2025-10-15 14:17:46,65.15,7000,65.14,U
sh603301,振德医疗,2025-10-15 14:17:56,65.19,8700,65.17,U
sh603301,振德医疗,2025-10-15 14:18:20,65.17,4600,65.17,D
sh603301,振德医疗,2025-10-15 14:18:23,65.17,3900,65.17,D
sh603301,振德医疗,2025-10-15 14:19:29,65.14,7100,65.15,D
sh603301,振德医疗,2025-10-15 14:19:38,65.14,3300,65.15,D
sh603301,振德医疗,2025-10-15 14:19:56,65.15,24200,65.14,U
sh603301,振德医疗,2025-10-15 14:20:20,65.15,6700,65.1,U
sh603301,振德医疗,2025-10-15 14:20:23,65.14,4200,65.15,D
sh603301,振德医疗,2025-10-15 14:20:26,65.15,11900,65.14,U
sh603301,振德医疗,2025-10-15 14:20:56,65.14,11000,65.21,D
sh603301,振德医疗,2025-10-15 14:21:08,65.19,12200,65.14,U
sh603301,振德医疗,2025-10-15 14:21:26,65.26,10400,65.21,U
sh603301,振德医疗,2025-10-15 14:22:08,65.24,9800,65.21,U
sh603301,振德医疗,2025-10-15 14:22:23,65.25,9100,65.25,E
sh603301,振德医疗,2025-10-15 14:22:29,65.26,11400,65.25,U
sh603301,振德医疗,2025-10-15 14:23:29,65.51,10200,65.53,D
sh603301,振德医疗,2025-10-15 14:23:59,65.69,14200,65.66,U
sh603301,振德医疗,2025-10-15 14:24:29,65.7,10700,65.7,D
sh603301,振德医疗,2025-10-15 14:24:56,65.8,11500,65.76,U
sh603301,振德医疗,2025-10-15 14:25:50,65.56,11300,65.7,D
sh603301,振德医疗,2025-10-15 14:26:11,65.51,6900,65.5,U
sh603301,振德医疗,2025-10-15 14:26:17,65.42,3600,65.51,D
sh603301,振德医疗,2025-10-15 14:27:02,65.28,3400,65.27,U
sh603301,振德医疗,2025-10-15 14:27:29,65.44,15800,65.42,U
sh603301,振德医疗,2025-10-15 14:27:38,65.44,4000,65.5,D
sh603301,振德医疗,2025-10-15 14:28:29,65.56,11000,65.55,U
sh603301,振德医疗,2025-10-15 14:28:32,65.56,9700,65.56,U
sh603301,振德医疗,2025-10-15 14:28:59,65.52,11100,65.55,D
sh603301,振德医疗,2025-10-15 14:29:26,65.52,7789,65.52,U
sh603301,振德医疗,2025-10-15 14:31:17,65.48,11000,65.48,U
sh603301,振德医疗,2025-10-15 14:31:23,65.4,13100,65.45,D
sh603301,振德医疗,2025-10-15 14:31:41,65.35,6700,65.35,D
sh603301,振德医疗,2025-10-15 14:32:17,65.23,23400,65.34,D
sh603301,振德医疗,2025-10-15 14:32:38,65.15,3300,65.14,U
sh603301,振德医疗,2025-10-15 14:33:05,65.05,7649,65.1,D
sh603301,振德医疗,2025-10-15 14:33:08,65.09,3700,65.05,U
sh603301,振德医疗,2025-10-15 14:33:41,65.0,4100,65.0,D
sh603301,振德医疗,2025-10-15 14:33:44,65.0,7000,65.0,D
sh603301,振德医疗,2025-10-15 14:33:47,65.0,17300,65.0,D
sh603301,振德医疗,2025-10-15 14:33:50,65.01,5100,65.0,U
sh603301,振德医疗,2025-10-15 14:33:56,65.0,16100,65.0,U
sh603301,振德医疗,2025-10-15 14:34:14,65.1,23000,65.0,U
sh603301,振德医疗,2025-10-15 14:34:41,65.03,3200,65.02,U
sh603301,振德医疗,2025-10-15 14:34:50,65.01,3200,65.03,D
sh603301,振德医疗,2025-10-15 14:34:56,65.0,10800,65.01,D
sh603301,振德医疗,2025-10-15 14:34:59,65.05,4000,65.0,U
sh603301,振德医疗,2025-10-15 14:35:11,65.01,5000,65.02,D
sh603301,振德医疗,2025-10-15 14:35:14,65.01,3100,65.01,U
sh603301,振德医疗,2025-10-15 14:35:23,65.1,23700,65.01,U
sh603301,振德医疗,2025-10-15 14:35:26,65.13,73751,65.1,U
sh603301,振德医疗,2025-10-15 14:36:56,65.21,5400,65.26,D
sh603301,振德医疗,2025-10-15 14:37:38,65.02,6800,65.03,D
sh603301,振德医疗,2025-10-15 14:37:41,65.02,3500,65.02,U
sh603301,振德医疗,2025-10-15 14:37:56,65.02,6000,65.02,D
sh603301,振德医疗,2025-10-15 14:38:11,65.09,7600,65.05,U
sh603301,振德医疗,2025-10-15 14:38:35,65.13,3400,65.05,U
sh603301,振德医疗,2025-10-15 14:39:29,65.0,33300,65.08,D
sh603301,振德医疗,2025-10-15 14:39:32,65.0,6300,65.0,U
sh603301,振德医疗,2025-10-15 14:39:35,65.0,4100,65.0,U
sh603301,振德医疗,2025-10-15 14:39:50,64.9,4300,64.9,D
sh603301,振德医疗,2025-10-15 14:39:59,64.82,9300,64.82,D
sh603301,振德医疗,2025-10-15 14:40:02,64.82,10000,64.82,U
sh603301,振德医疗,2025-10-15 14:40:05,64.8,3500,64.82,D
sh603301,振德医疗,2025-10-15 14:40:08,64.8,4100,64.8,D
sh603301,振德医疗,2025-10-15 14:40:11,64.82,5900,64.8,U
sh603301,振德医疗,2025-10-15 14:40:17,64.91,7000,64.81,U
sh603301,振德医疗,2025-10-15 14:40:20,65.09,29500,64.91,U
sh603301,振德医疗,2025-10-15 14:40:23,65.16,45400,65.09,U
sh603301,振德医疗,2025-10-15 14:40:26,65.28,10600,65.16,U
sh603301,振德医疗,2025-10-15 14:40:29,65.34,4400,65.28,U
sh603301,振德医疗,2025-10-15 14:40:41,65.36,4100,65.4,D
sh603301,振德医疗,2025-10-15 14:40:47,65.36,3200,65.36,U
sh603301,振德医疗,2025-10-15 14:40:59,65.32,3300,65.36,U
sh603301,振德医疗,2025-10-15 14:41:08,65.26,6000,65.28,D
sh603301,振德医疗,2025-10-15 14:41:53,65.16,5900,65.16,U
sh603301,振德医疗,2025-10-15 14:41:56,65.16,6800,65.16,U
sh603301,振德医疗,2025-10-15 14:42:02,65.13,6000,65.15,D
sh603301,振德医疗,2025-10-15 14:42:05,65.16,9800,65.13,U
sh603301,振德医疗,2025-10-15 14:42:17,65.14,8100,65.16,D
sh603301,振德医疗,2025-10-15 14:42:32,65.12,13400,65.13,D
sh603301,振德医疗,2025-10-15 14:42:44,65.13,8600,65.11,U
sh603301,振德医疗,2025-10-15 14:42:47,65.05,11000,65.13,D
sh603301,振德医疗,2025-10-15 14:42:50,65.12,14200,65.05,U
sh603301,振德医疗,2025-10-15 14:42:56,65.16,13300,65.12,U
sh603301,振德医疗,2025-10-15 14:42:59,65.16,11200,65.16,D
sh603301,振德医疗,2025-10-15 14:43:02,65.12,7000,65.16,U
sh603301,振德医疗,2025-10-15 14:43:08,65.02,3300,65.1,D
sh603301,振德医疗,2025-10-15 14:43:32,65.01,4900,65.01,D
sh603301,振德医疗,2025-10-15 14:43:44,65.01,17500,65.0,U
sh603301,振德医疗,2025-10-15 14:43:47,65.01,4900,65.01,D
sh603301,振德医疗,2025-10-15 14:43:56,65.08,4900,65.08,D
sh603301,振德医疗,2025-10-15 14:44:11,65.01,4700,65.01,D
sh603301,振德医疗,2025-10-15 14:44:29,65.01,3200,65.01,U
sh603301,振德医疗,2025-10-15 14:44:32,65.01,8600,65.01,U
sh603301,振德医疗,2025-10-15 14:44:35,65.0,5900,65.01,D
sh603301,振德医疗,2025-10-15 14:44:38,65.0,6940,65.0,D
sh603301,振德医疗,2025-10-15 14:44:41,65.0,3200,65.0,D
sh603301,振德医疗,2025-10-15 14:44:47,65.01,7400,65.0,D
sh603301,振德医疗,2025-10-15 14:44:53,65.03,3140,65.0,U
sh603301,振德医疗,2025-10-15 14:45:14,64.99,10900,64.99,U
sh603301,振德医疗,2025-10-15 14:45:17,64.99,4700,64.99,D
sh603301,振德医疗,2025-10-15 14:45:35,64.9,4900,64.9,D
sh603301,振德医疗,2025-10-15 14:45:41,64.89,14469,64.9,D
sh603301,振德医疗,2025-10-15 14:45:44,64.9,11900,64.89,D
sh603301,振德医疗,2025-10-15 14:45:59,64.89,9100,64.89,U
sh603301,振德医疗,2025-10-15 14:46:05,64.8,3200,64.88,D
sh603301,振德医疗,2025-10-15 14:46:08,64.88,6400,64.8,U
sh603301,振德医疗,2025-10-15 14:46:11,64.8,11500,64.88,D
sh603301,振德医疗,2025-10-15 14:46:25,64.8,3100,64.8,U
sh603301,振德医疗,2025-10-15 14:46:29,64.8,11600,64.8,U
sh603301,振德医疗,2025-10-15 14:46:32,64.84,5000,64.8,E
sh603301,振德医疗,2025-10-15 14:46:41,64.84,14000,64.84,U
sh603301,振德医疗,2025-10-15 14:46:44,64.72,5000,64.84,E
sh603301,振德医疗,2025-10-15 14:46:50,64.84,3800,64.72,U
sh603301,振德医疗,2025-10-15 14:46:53,64.9,14100,64.84,U
sh603301,振德医疗,2025-10-15 14:46:56,64.81,5500,64.9,D
sh603301,振德医疗,2025-10-15 14:47:05,64.85,5400,64.8,U
sh603301,振德医疗,2025-10-15 14:47:08,64.88,5500,64.85,U
sh603301,振德医疗,2025-10-15 14:47:11,64.8,8500,64.88,D
sh603301,振德医疗,2025-10-15 14:47:14,64.9,7469,64.8,U
sh603301,振德医疗,2025-10-15 14:47:17,64.95,6700,64.9,U
sh603301,振德医疗,2025-10-15 14:47:44,64.92,4300,64.85,U
sh603301,振德医疗,2025-10-15 14:47:53,64.91,4000,64.87,U
sh603301,振德医疗,2025-10-15 14:48:02,64.86,4600,64.9,D
sh603301,振德医疗,2025-10-15 14:48:05,64.86,5000,64.86,U
sh603301,振德医疗,2025-10-15 14:48:11,64.86,19800,64.85,U
sh603301,振德医疗,2025-10-15 14:48:14,64.85,3600,64.86,D
sh603301,振德医疗,2025-10-15 14:48:17,64.86,10000,64.85,U
sh603301,振德医疗,2025-10-15 14:48:20,64.85,4731,64.86,D
sh603301,振德医疗,2025-10-15 14:48:41,64.81,3300,64.81,D
sh603301,振德医疗,2025-10-15 14:48:44,64.81,4400,64.81,U
sh603301,振德医疗,2025-10-15 14:48:53,64.81,10100,64.8,U
sh603301,振德医疗,2025-10-15 14:48:56,64.81,26300,64.81,U
sh603301,振德医疗,2025-10-15 14:49:08,64.81,3400,64.83,D
sh603301,振德医疗,2025-10-15 14:49:14,64.8,14100,64.81,D
sh603301,振德医疗,2025-10-15 14:49:17,64.8,3800,64.8,D
sh603301,振德医疗,2025-10-15 14:49:23,64.81,5700,64.81,U
sh603301,振德医疗,2025-10-15 14:49:29,64.8,4300,64.81,D
sh603301,振德医疗,2025-10-15 14:49:32,64.8,6500,64.8,D
sh603301,振德医疗,2025-10-15 14:49:59,64.7,6100,64.7,D
sh603301,振德医疗,2025-10-15 14:50:02,64.73,8500,64.7,U
sh603301,振德医疗,2025-10-15 14:50:08,64.68,10700,64.68,U
sh603301,振德医疗,2025-10-15 14:50:11,64.76,12700,64.68,U
sh603301,振德医疗,2025-10-15 14:50:14,64.75,8400,64.76,E
sh603301,振德医疗,2025-10-15 14:50:17,64.91,38269,64.75,U
sh603301,振德医疗,2025-10-15 14:50:20,65.01,28400,64.91,U
sh603301,振德医疗,2025-10-15 14:50:23,65.12,9600,65.01,U
sh603301,振德医疗,2025-10-15 14:50:26,65.2,12600,65.12,U
sh603301,振德医疗,2025-10-15 14:50:29,65.24,8200,65.2,U
sh603301,振德医疗,2025-10-15 14:50:56,65.22,10900,65.2,U
sh603301,振德医疗,2025-10-15 14:50:59,65.25,13000,65.22,U
sh603301,振德医疗,2025-10-15 14:51:02,65.35,14251,65.25,U
sh603301,振德医疗,2025-10-15 14:51:05,65.42,8300,65.35,U
sh603301,振德医疗,2025-10-15 14:51:08,65.5,26600,65.42,U
sh603301,振德医疗,2025-10-15 14:51:11,65.65,9200,65.5,U
sh603301,振德医疗,2025-10-15 14:51:14,65.6,4800,65.65,D
sh603301,振德医疗,2025-10-15 14:51:26,65.24,37900,65.6,D
sh603301,振德医疗,2025-10-15 14:51:29,65.24,6200,65.24,U
sh603301,振德医疗,2025-10-15 14:51:35,65.24,17500,65.24,U
sh603301,振德医疗,2025-10-15 14:51:38,65.23,11000,65.24,D
sh603301,振德医疗,2025-10-15 14:52:05,65.18,10500,65.25,D
sh603301,振德医疗,2025-10-15 14:52:08,65.18,3100,65.18,U
sh603301,振德医疗,2025-10-15 14:52:17,65.18,8300,65.18,U
sh603301,振德医疗,2025-10-15 14:52:26,65.14,16400,65.13,U
sh603301,振德医疗,2025-10-15 14:52:29,65.14,3500,65.14,D
sh603301,振德医疗,2025-10-15 14:52:41,65.15,6700,65.14,U
sh603301,振德医疗,2025-10-15 14:52:44,65.21,4800,65.15,U
sh603301,振德医疗,2025-10-15 14:52:50,65.23,5300,65.21,E
sh603301,振德医疗,2025-10-15 14:52:59,65.26,64500,65.2,U
sh603301,振德医疗,2025-10-15 14:53:02,65.3,20800,65.26,U
sh603301,振德医疗,2025-10-15 14:53:11,65.2,7300,65.2,U
sh603301,振德医疗,2025-10-15 14:53:32,65.13,6200,65.12,U
sh603301,振德医疗,2025-10-15 14:53:35,65.1,9100,65.13,D
sh603301,振德医疗,2025-10-15 14:53:50,65.08,4100,65.05,U
sh603301,振德医疗,2025-10-15 14:53:53,65.05,3600,65.08,D
sh603301,振德医疗,2025-10-15 14:53:56,65.08,6400,65.05,U
sh603301,振德医疗,2025-10-15 14:54:02,65.12,6800,65.08,U
sh603301,振德医疗,2025-10-15 14:54:17,65.08,5500,65.08,D
sh603301,振德医疗,2025-10-15 14:54:23,65.08,3500,65.09,D
sh603301,振德医疗,2025-10-15 14:54:29,65.09,5200,65.09,U
sh603301,振德医疗,2025-10-15 14:54:32,65.05,25100,65.09,D
sh603301,振德医疗,2025-10-15 14:54:38,65.06,15600,65.05,U
sh603301,振德医疗,2025-10-15 14:54:47,65.05,6000,65.05,D
sh603301,振德医疗,2025-10-15 14:54:50,65.05,9300,65.05,U
sh603301,振德医疗,2025-10-15 14:54:53,65.05,5300,65.05,D
sh603301,振德医疗,2025-10-15 14:55:02,65.04,19900,65.05,D
sh603301,振德医疗,2025-10-15 14:55:05,65.03,3500,65.04,D
sh603301,振德医疗,2025-10-15 14:55:08,65.02,3200,65.03,D
sh603301,振德医疗,2025-10-15 14:55:11,65.02,5100,65.02,D
sh603301,振德医疗,2025-10-15 14:55:14,64.8,3500,65.02,D
sh603301,振德医疗,2025-10-15 14:55:20,64.81,12700,64.81,D
sh603301,振德医疗,2025-10-15 14:55:23,64.81,78500,64.81,D
sh603301,振德医疗,2025-10-15 14:55:26,64.97,18300,64.81,U
sh603301,振德医疗,2025-10-15 14:55:29,64.81,10400,64.97,D
sh603301,振德医疗,2025-10-15 14:55:32,65.0,6700,64.81,U
sh603301,振德医疗,2025-10-15 14:55:35,65.0,10600,65.0,U
sh603301,振德医疗,2025-10-15 14:55:38,65.0,4100,65.0,D
sh603301,振德医疗,2025-10-15 14:55:41,65.0,7600,65.0,D
sh603301,振德医疗,2025-10-15 14:55:44,64.99,5800,65.0,D
sh603301,振德医疗,2025-10-15 14:55:47,64.99,3500,64.99,U
sh603301,振德医疗,2025-10-15 14:56:02,64.81,12500,64.94,D
sh603301,振德医疗,2025-10-15 14:56:05,64.83,8400,64.81,E
sh603301,振德医疗,2025-10-15 14:56:08,64.97,24300,64.83,U
sh603301,振德医疗,2025-10-15 14:56:11,64.98,14000,64.97,U
sh603301,振德医疗,2025-10-15 14:56:14,64.94,6700,64.98,D
sh603301,振德医疗,2025-10-15 14:56:20,64.94,10500,64.97,U
sh603301,振德医疗,2025-10-15 14:56:23,64.84,32600,64.94,D
sh603301,振德医疗,2025-10-15 14:56:26,64.97,8200,64.84,U
sh603301,振德医疗,2025-10-15 14:56:29,64.85,8000,64.97,E
sh603301,振德医疗,2025-10-15 14:56:35,64.86,7900,64.93,D
sh603301,振德医疗,2025-10-15 14:56:38,64.85,4700,64.86,D
sh603301,振德医疗,2025-10-15 14:56:41,64.84,5000,64.85,D
sh603301,振德医疗,2025-10-15 14:56:44,64.82,54900,64.84,D
sh603301,振德医疗,2025-10-15 14:56:47,64.84,7300,64.82,U
sh603301,振德医疗,2025-10-15 14:56:50,64.82,18400,64.84,D
sh603301,振德医疗,2025-10-15 14:56:53,64.82,11000,64.82,U
sh603301,振德医疗,2025-10-15 14:56:59,64.81,3700,64.82,D
sh603301,振德医疗,2025-10-15 15:00:01,64.85,252342,64.82,U
