symbol,name,ticktime,price,volume,prev_price,kind
sh603301,振德医疗,2025-09-23 09:25:01,41.17,59300,0.0,D
sh603301,振德医疗,2025-09-23 09:30:05,41.18,27100,41.18,U
sh603301,振德医疗,2025-09-23 09:30:08,41.12,6300,41.18,D
sh603301,振德医疗,2025-09-23 09:30:11,41.12,17200,41.12,D
sh603301,振德医疗,2025-09-23 09:30:20,41.0,24200,41.12,D
sh603301,振德医疗,2025-09-23 09:30:23,41.0,55800,41.0,U
sh603301,振德医疗,2025-09-23 09:30:32,40.55,23600,40.83,D
sh603301,振德医疗,2025-09-23 09:30:35,40.88,22500,40.55,U
sh603301,振德医疗,2025-09-23 09:30:41,40.67,20300,40.8,E
sh603301,振德医疗,2025-09-23 09:30:50,40.39,46500,40.39,D
sh603301,振德医疗,2025-09-23 09:30:53,40.35,15000,40.39,D
sh603301,振德医疗,2025-09-23 09:30:56,40.38,14900,40.35,U
sh603301,振德医疗,2025-09-23 09:30:59,40.35,6600,40.38,E
sh603301,振德医疗,2025-09-23 09:31:05,40.28,39500,40.31,D
sh603301,振德医疗,2025-09-23 09:31:08,40.45,6400,40.28,U
sh603301,振德医疗,2025-09-23 09:31:11,40.67,17400,40.45,U
sh603301,振德医疗,2025-09-23 09:31:17,40.51,10200,40.55,D
sh603301,振德医疗,2025-09-23 09:31:20,40.51,20400,40.51,D
sh603301,振德医疗,2025-09-23 09:31:23,40.52,9300,40.51,U
sh603301,振德医疗,2025-09-23 09:31:26,41.0,23100,40.52,U
sh603301,振德医疗,2025-09-23 09:31:29,40.95,14500,41.0,D
sh603301,振德医疗,2025-09-23 09:31:41,40.76,21200,40.76,D
sh603301,振德医疗,2025-09-23 09:31:44,40.77,8800,40.76,E
sh603301,振德医疗,2025-09-23 09:31:56,40.95,12600,40.93,U
sh603301,振德医疗,2025-09-23 09:32:05,41.02,17000,41.02,D
sh603301,振德医疗,2025-09-23 09:32:08,41.11,7300,41.02,U
sh603301,振德医疗,2025-09-23 09:32:11,41.11,6200,41.11,U
sh603301,振德医疗,2025-09-23 09:32:14,41.15,14600,41.11,U
sh603301,振德医疗,2025-09-23 09:32:17,41.2,9200,41.15,U
sh603301,振德医疗,2025-09-23 09:32:26,41.27,12600,41.32,D
sh603301,振德医疗,2025-09-23 09:32:29,41.35,5100,41.27,U
sh603301,振德医疗,2025-09-23 09:32:32,41.36,32200,41.35,U
sh603301,振德医疗,2025-09-23 09:32:35,41.25,189900,41.36,D
sh603301,振德医疗,2025-09-23 09:32:38,41.17,8500,41.25,D
sh603301,振德医疗,2025-09-23 09:32:41,41.06,12000,41.17,D
sh603301,振德医疗,2025-09-23 09:32:44,41.04,102000,41.06,E
sh603301,振德医疗,2025-09-23 09:32:47,41.05,8400,41.04,U
sh603301,振德医疗,2025-09-23 09:32:53,41.09,36800,40.95,U
sh603301,振德医疗,2025-09-23 09:32:56,41.12,17500,41.09,U
sh603301,振德医疗,2025-09-23 09:32:59,41.25,6500,41.12,U
sh603301,振德医疗,2025-09-23 09:33:02,41.1,7500,41.25,D
sh603301,振德医疗,2025-09-23 09:33:11,40.82,6500,40.94,D
sh603301,振德医疗,2025-09-23 09:33:17,40.59,9000,40.77,D
sh603301,振德医疗,2025-09-23 09:33:20,40.58,22000,40.59,D
sh603301,振德医疗,2025-09-23 09:33:35,40.55,15600,40.63,D
sh603301,振德医疗,2025-09-23 09:33:38,40.68,45400,40.55,U
sh603301,振德医疗,2025-09-23 09:33:44,40.77,18800,40.62,U
sh603301,振德医疗,2025-09-23 09:33:56,40.93,32000,40.76,U
sh603301,振德医疗,2025-09-23 09:33:59,40.98,6800,40.93,U
sh603301,振德医疗,2025-09-23 09:34:14,41.27,31900,40.98,U
sh603301,振德医疗,2025-09-23 09:34:26,41.06,8700,41.05,D
sh603301,振德医疗,2025-09-23 09:34:32,41.15,39800,41.05,U
sh603301,振德医疗,2025-09-23 09:34:35,41.03,5600,41.15,D
sh603301,振德医疗,2025-09-23 09:34:38,41.01,5200,41.03,D
sh603301,振德医疗,2025-09-23 09:34:44,40.93,112800,41.05,D
sh603301,振德医疗,2025-09-23 09:34:47,40.98,71800,40.93,U
sh603301,振德医疗,2025-09-23 09:34:50,40.98,5000,40.98,U
sh603301,振德医疗,2025-09-23 09:34:53,41.0,8900,40.98,U
sh603301,振德医疗,2025-09-23 09:34:56,40.96,8600,41.0,D
sh603301,振德医疗,2025-09-23 09:35:05,40.96,54600,40.96,U
sh603301,振德医疗,2025-09-23 09:35:08,40.96,20100,40.96,U
sh603301,振德医疗,2025-09-23 09:35:20,40.96,6800,41.0,D
sh603301,振德医疗,2025-09-23 09:35:23,41.01,58100,40.96,U
sh603301,振德医疗,2025-09-23 09:35:44,40.95,33800,40.94,U
sh603301,振德医疗,2025-09-23 09:35:47,40.84,10400,40.95,D
sh603301,振德医疗,2025-09-23 09:36:02,40.8,25900,40.8,D
sh603301,振德医疗,2025-09-23 09:36:05,40.85,66900,40.8,U
sh603301,振德医疗,2025-09-23 09:36:14,40.88,4900,40.83,U
sh603301,振德医疗,2025-09-23 09:36:17,40.82,53000,40.88,D
sh603301,振德医疗,2025-09-23 09:36:20,40.94,23200,40.82,U
sh603301,振德医疗,2025-09-23 09:36:29,40.95,7900,40.97,D
sh603301,振德医疗,2025-09-23 09:36:32,40.96,52700,40.95,U
sh603301,振德医疗,2025-09-23 09:36:38,41.01,7400,41.01,U
sh603301,振德医疗,2025-09-23 09:36:47,40.94,13000,41.01,D
sh603301,振德医疗,2025-09-23 09:36:50,40.94,7100,40.94,U
sh603301,振德医疗,2025-09-23 09:36:53,41.0,18500,40.94,U
sh603301,振德医疗,2025-09-23 09:37:02,40.96,5800,40.96,U
sh603301,振德医疗,2025-09-23 09:37:05,40.96,7800,40.96,D
sh603301,振德医疗,2025-09-23 09:37:08,40.94,17500,40.96,D
sh603301,振德医疗,2025-09-23 09:37:14,40.91,8300,40.93,D
sh603301,振德医疗,2025-09-23 09:37:23,40.89,8800,40.91,D
sh603301,振德医疗,2025-09-23 09:37:29,40.83,5600,40.85,D
sh603301,振德医疗,2025-09-23 09:37:35,40.68,6600,40.8,D
sh603301,振德医疗,2025-09-23 09:37:53,40.6,11000,40.63,D
sh603301,振德医疗,2025-09-23 09:37:56,40.6,6800,40.6,D
sh603301,振德医疗,2025-09-23 09:38:02,40.55,7200,40.6,D
sh603301,振德医疗,2025-09-23 09:38:05,40.55,5800,40.55,D
sh603301,振德医疗,2025-09-23 09:38:08,40.55,12700,40.55,D
sh603301,振德医疗,2025-09-23 09:38:11,40.52,6900,40.55,D
sh603301,振德医疗,2025-09-23 09:38:14,40.46,26800,40.52,D
sh603301,振德医疗,2025-09-23 09:38:17,40.37,29700,40.46,D
sh603301,振德医疗,2025-09-23 09:38:20,40.36,9800,40.37,D
sh603301,振德医疗,2025-09-23 09:38:23,40.37,54000,40.36,U
sh603301,振德医疗,2025-09-23 09:38:29,40.52,16600,40.47,U
sh603301,振德医疗,2025-09-23 09:38:32,40.58,11000,40.52,U
sh603301,振德医疗,2025-09-23 09:38:53,40.9,19500,40.6,U
sh603301,振德医疗,2025-09-23 09:38:56,40.85,54900,40.9,E
sh603301,振德医疗,2025-09-23 09:39:02,40.61,5100,40.62,D
sh603301,振德医疗,2025-09-23 09:39:23,41.0,34200,40.61,U
sh603301,振德医疗,2025-09-23 09:40:02,40.77,5800,40.69,U
sh603301,振德医疗,2025-09-23 09:40:23,40.62,8400,40.66,D
sh603301,振德医疗,2025-09-23 09:40:26,40.67,6400,40.62,U
sh603301,振德医疗,2025-09-23 09:40:29,40.67,7300,40.67,U
sh603301,振德医疗,2025-09-23 09:40:32,40.61,12700,40.67,D
sh603301,振德医疗,2025-09-23 09:40:35,40.61,7100,40.61,E
sh603301,振德医疗,2025-09-23 09:40:50,40.62,6800,40.6,U
sh603301,振德医疗,2025-09-23 09:41:02,40.5,23500,40.62,D
sh603301,振德医疗,2025-09-23 09:41:05,40.49,8300,40.5,D
sh603301,振德医疗,2025-09-23 09:41:11,40.41,19400,40.49,D
sh603301,振德医疗,2025-09-23 09:41:14,40.41,6200,40.41,U
sh603301,振德医疗,2025-09-23 09:41:17,40.35,5400,40.41,D
sh603301,振德医疗,2025-09-23 09:41:29,40.34,16600,40.34,U
sh603301,振德医疗,2025-09-23 09:41:32,40.35,10600,40.34,U
sh603301,振德医疗,2025-09-23 09:41:38,40.35,5800,40.35,U
sh603301,振德医疗,2025-09-23 09:41:41,40.35,6800,40.35,U
sh603301,振德医疗,2025-09-23 09:41:53,40.36,6800,40.37,D
sh603301,振德医疗,2025-09-23 09:41:56,40.33,14100,40.36,D
sh603301,振德医疗,2025-09-23 09:42:05,40.31,22400,40.31,D
sh603301,振德医疗,2025-09-23 09:42:29,40.25,12300,40.28,D
sh603301,振德医疗,2025-09-23 09:42:32,40.22,63300,40.25,D
sh603301,振德医疗,2025-09-23 09:42:35,40.17,52700,40.22,D
sh603301,振德医疗,2025-09-23 09:42:44,40.1,14300,40.11,D
sh603301,振德医疗,2025-09-23 09:42:50,40.1,5800,40.1,D
sh603301,振德医疗,2025-09-23 09:42:53,39.98,74000,40.1,D
sh603301,振德医疗,2025-09-23 09:42:56,39.98,10700,39.98,D
sh603301,振德医疗,2025-09-23 09:42:59,40.01,93000,39.98,U
sh603301,振德医疗,2025-09-23 09:43:05,40.02,5200,40.02,D
sh603301,振德医疗,2025-09-23 09:43:11,39.98,34400,40.07,D
sh603301,振德医疗,2025-09-23 09:43:14,39.91,31400,39.98,D
sh603301,振德医疗,2025-09-23 09:43:17,40.06,31300,39.91,U
sh603301,振德医疗,2025-09-23 09:43:20,40.05,12900,40.06,D
sh603301,振德医疗,2025-09-23 09:43:23,40.04,10600,40.05,D
sh603301,振德医疗,2025-09-23 09:43:26,40.02,6400,40.04,D
sh603301,振德医疗,2025-09-23 09:43:29,40.02,10100,40.02,D
sh603301,振德医疗,2025-09-23 09:43:32,40.04,9400,40.02,U
sh603301,振德医疗,2025-09-23 09:43:41,40.02,6700,40.0,U
sh603301,振德医疗,2025-09-23 09:43:53,39.91,6700,39.92,D
sh603301,振德医疗,2025-09-23 09:43:56,39.92,6600,39.91,U
sh603301,振德医疗,2025-09-23 09:43:59,39.91,19000,39.92,U
sh603301,振德医疗,2025-09-23 09:44:02,39.86,21300,39.91,D
sh603301,振德医疗,2025-09-23 09:44:05,39.92,6100,39.86,U
sh603301,振德医疗,2025-09-23 09:44:08,39.86,9400,39.92,D
sh603301,振德医疗,2025-09-23 09:44:23,39.85,17000,39.86,D
sh603301,振德医疗,2025-09-23 09:44:26,39.85,5100,39.85,D
sh603301,振德医疗,2025-09-23 09:44:32,39.83,22000,39.84,D
sh603301,振德医疗,2025-09-23 09:44:44,39.83,9900,39.83,D
sh603301,振德医疗,2025-09-23 09:44:50,39.83,8400,39.83,D
sh603301,振德医疗,2025-09-23 09:44:56,39.82,22100,39.83,D
sh603301,振德医疗,2025-09-23 09:45:05,39.81,7100,39.8,D
sh603301,振德医疗,2025-09-23 09:45:08,39.81,13500,39.81,U
sh603301,振德医疗,2025-09-23 09:45:11,39.78,10800,39.81,D
sh603301,振德医疗,2025-09-23 09:45:14,39.74,11400,39.78,D
sh603301,振德医疗,2025-09-23 09:45:17,39.8,9200,39.74,U
sh603301,振德医疗,2025-09-23 09:45:20,39.78,8300,39.8,D
sh603301,振德医疗,2025-09-23 09:45:23,39.8,8500,39.78,U
sh603301,振德医疗,2025-09-23 09:45:26,39.8,14800,39.8,E
sh603301,振德医疗,2025-09-23 09:45:44,39.65,8100,39.67,D
sh603301,振德医疗,2025-09-23 09:45:47,39.56,42300,39.65,D
sh603301,振德医疗,2025-09-23 09:45:53,39.57,5400,39.61,E
sh603301,振德医疗,2025-09-23 09:45:56,39.6,9100,39.57,U
sh603301,振德医疗,2025-09-23 09:45:59,39.61,9600,39.6,E
sh603301,振德医疗,2025-09-23 09:46:02,39.6,12800,39.61,D
sh603301,振德医疗,2025-09-23 09:46:14,39.61,7200,39.61,U
sh603301,振德医疗,2025-09-23 09:46:17,39.6,21100,39.61,D
sh603301,振德医疗,2025-09-23 09:46:23,39.58,6600,39.59,D
sh603301,振德医疗,2025-09-23 09:46:26,39.63,14600,39.58,U
sh603301,振德医疗,2025-09-23 09:46:35,39.58,8100,39.63,D
sh603301,振德医疗,2025-09-23 09:46:47,39.66,5200,39.64,U
sh603301,振德医疗,2025-09-23 09:46:53,39.76,57100,39.67,U
sh603301,振德医疗,2025-09-23 09:46:56,39.76,7800,39.76,E
sh603301,振德医疗,2025-09-23 09:47:05,39.83,21700,39.8,U
sh603301,振德医疗,2025-09-23 09:47:08,39.89,20500,39.83,U
sh603301,振德医疗,2025-09-23 09:47:11,39.83,10000,39.89,D
sh603301,振德医疗,2025-09-23 09:47:20,39.91,14100,39.91,D
sh603301,振德医疗,2025-09-23 09:47:23,39.9,6887,39.91,D
sh603301,振德医疗,2025-09-23 09:47:41,39.9,16700,39.93,D
sh603301,振德医疗,2025-09-23 09:47:44,39.87,11400,39.9,D
sh603301,振德医疗,2025-09-23 09:47:50,39.73,15200,39.83,D
sh603301,振德医疗,2025-09-23 09:47:53,39.75,8913,39.73,U
sh603301,振德医疗,2025-09-23 09:48:02,39.69,9387,39.76,D
sh603301,振德医疗,2025-09-23 09:48:05,39.66,7600,39.69,D
sh603301,振德医疗,2025-09-23 09:48:08,39.66,10500,39.66,D
sh603301,振德医疗,2025-09-23 09:48:11,39.63,16600,39.66,D
sh603301,振德医疗,2025-09-23 09:48:17,39.63,6600,39.63,D
sh603301,振德医疗,2025-09-23 09:48:20,39.6,14000,39.63,D
sh603301,振德医疗,2025-09-23 09:48:23,39.56,77900,39.6,D
sh603301,振德医疗,2025-09-23 09:48:26,39.53,23200,39.56,E
sh603301,振德医疗,2025-09-23 09:48:32,39.43,19500,39.51,D
sh603301,振德医疗,2025-09-23 09:48:35,39.4,10000,39.43,D
sh603301,振德医疗,2025-09-23 09:48:41,39.3,11800,39.3,D
sh603301,振德医疗,2025-09-23 09:48:44,39.28,13400,39.3,E
sh603301,振德医疗,2025-09-23 09:48:53,39.1,8500,39.2,D
sh603301,振德医疗,2025-09-23 09:48:56,39.05,15700,39.1,D
sh603301,振德医疗,2025-09-23 09:48:59,39.0,6100,39.05,D
sh603301,振德医疗,2025-09-23 09:49:02,38.97,12900,39.0,D
sh603301,振德医疗,2025-09-23 09:49:05,39.08,79600,38.97,U
sh603301,振德医疗,2025-09-23 09:49:08,39.13,8600,39.08,D
sh603301,振德医疗,2025-09-23 09:49:11,39.17,24600,39.13,U
sh603301,振德医疗,2025-09-23 09:49:14,39.06,65300,39.17,D
sh603301,振德医疗,2025-09-23 09:49:17,39.05,5300,39.06,D
sh603301,振德医疗,2025-09-23 09:49:20,39.01,10500,39.05,D
sh603301,振德医疗,2025-09-23 09:49:26,39.19,17400,39.05,U
sh603301,振德医疗,2025-09-23 09:49:35,39.15,24600,39.21,D
sh603301,振德医疗,2025-09-23 09:49:41,39.13,12800,39.18,D
sh603301,振德医疗,2025-09-23 09:49:44,39.13,6600,39.13,D
sh603301,振德医疗,2025-09-23 09:49:47,39.13,5500,39.13,D
sh603301,振德医疗,2025-09-23 09:49:53,39.13,11000,39.13,U
sh603301,振德医疗,2025-09-23 09:49:59,39.05,6000,39.1,D
sh603301,振德医疗,2025-09-23 09:50:02,39.05,5600,39.05,U
sh603301,振德医疗,2025-09-23 09:50:08,39.07,13400,39.01,U
sh603301,振德医疗,2025-09-23 09:50:17,39.08,5200,39.05,U
sh603301,振德医疗,2025-09-23 09:50:20,39.13,8900,39.08,U
sh603301,振德医疗,2025-09-23 09:50:23,39.18,6300,39.13,U
sh603301,振德医疗,2025-09-23 09:50:32,39.22,8100,39.2,U
sh603301,振德医疗,2025-09-23 09:50:38,39.25,7500,39.23,U
sh603301,振德医疗,2025-09-23 09:50:41,39.24,18900,39.25,D
sh603301,振德医疗,2025-09-23 09:50:44,39.31,9100,39.24,E
sh603301,振德医疗,2025-09-23 09:50:56,39.37,7400,39.36,U
sh603301,振德医疗,2025-09-23 09:50:59,39.36,14600,39.37,E
sh603301,振德医疗,2025-09-23 09:51:02,39.35,17900,39.36,D
sh603301,振德医疗,2025-09-23 09:51:05,39.36,19200,39.35,U
sh603301,振德医疗,2025-09-23 09:51:08,39.32,7000,39.36,D
sh603301,振德医疗,2025-09-23 09:51:17,39.22,11900,39.27,D
sh603301,振德医疗,2025-09-23 09:51:20,39.2,20700,39.22,D
sh603301,振德医疗,2025-09-23 09:51:23,39.11,15100,39.2,D
sh603301,振德医疗,2025-09-23 09:51:26,39.06,7000,39.11,D
sh603301,振德医疗,2025-09-23 09:51:32,39.01,9500,39.01,D
sh603301,振德医疗,2025-09-23 09:51:35,39.11,18800,39.01,U
sh603301,振德医疗,2025-09-23 09:51:38,39.11,47000,39.11,U
sh603301,振德医疗,2025-09-23 09:51:41,39.12,31500,39.11,E
sh603301,振德医疗,2025-09-23 09:51:44,39.13,5300,39.12,U
sh603301,振德医疗,2025-09-23 09:51:47,39.12,17800,39.13,D
sh603301,振德医疗,2025-09-23 09:51:50,39.1,9600,39.12,D
sh603301,振德医疗,2025-09-23 09:51:53,39.08,10300,39.1,D
sh603301,振德医疗,2025-09-23 09:51:56,39.03,35800,39.08,D
sh603301,振德医疗,2025-09-23 09:51:59,39.02,12900,39.03,D
sh603301,振德医疗,2025-09-23 09:52:02,39.0,26300,39.02,D
sh603301,振德医疗,2025-09-23 09:52:05,39.01,13100,39.0,U
sh603301,振德医疗,2025-09-23 09:52:08,38.97,34200,39.01,D
sh603301,振德医疗,2025-09-23 09:52:11,39.01,26700,38.97,U
sh603301,振德医疗,2025-09-23 09:52:14,39.01,6900,39.01,D
sh603301,振德医疗,2025-09-23 09:52:32,38.91,5600,38.95,D
sh603301,振德医疗,2025-09-23 09:52:38,38.91,13200,38.91,D
sh603301,振德医疗,2025-09-23 09:52:41,38.92,13608,38.91,E
sh603301,振德医疗,2025-09-23 09:52:44,38.95,11200,38.92,U
sh603301,振德医疗,2025-09-23 09:52:50,38.91,5700,38.91,D
sh603301,振德医疗,2025-09-23 09:52:53,39.01,22500,38.91,U
sh603301,振德医疗,2025-09-23 09:52:56,39.02,9000,39.01,U
sh603301,振德医疗,2025-09-23 09:52:59,39.01,6800,39.02,D
sh603301,振德医疗,2025-09-23 09:53:17,38.92,5500,38.99,D
sh603301,振德医疗,2025-09-23 09:53:23,39.0,24300,38.95,U
sh603301,振德医疗,2025-09-23 09:53:26,38.9,11900,39.0,D
sh603301,振德医疗,2025-09-23 09:53:29,38.93,8100,38.9,U
sh603301,振德医疗,2025-09-23 09:53:41,38.84,18200,38.91,D
sh603301,振德医疗,2025-09-23 09:53:44,38.76,15900,38.84,D
sh603301,振德医疗,2025-09-23 09:53:56,38.61,6200,38.6,U
sh603301,振德医疗,2025-09-23 09:54:02,38.57,14700,38.58,U
sh603301,振德医疗,2025-09-23 09:54:08,38.5,10000,38.51,D
sh603301,振德医疗,2025-09-23 09:54:14,38.46,5300,38.44,U
sh603301,振德医疗,2025-09-23 09:54:17,38.41,17300,38.46,E
sh603301,振德医疗,2025-09-23 09:54:20,38.4,13200,38.41,D
sh603301,振德医疗,2025-09-23 09:54:23,38.4,29500,38.4,D
sh603301,振德医疗,2025-09-23 09:54:26,38.38,6600,38.4,D
sh603301,振德医疗,2025-09-23 09:54:29,38.35,13800,38.38,D
sh603301,振德医疗,2025-09-23 09:54:35,38.3,6000,38.35,D
sh603301,振德医疗,2025-09-23 09:54:41,38.24,16300,38.24,D
sh603301,振德医疗,2025-09-23 09:54:44,38.22,29400,38.24,D
sh603301,振德医疗,2025-09-23 09:54:50,38.01,10700,38.1,D
sh603301,振德医疗,2025-09-23 09:54:53,38.0,35192,38.01,D
sh603301,振德医疗,2025-09-23 09:54:56,37.8,28200,38.0,D
sh603301,振德医疗,2025-09-23 09:54:59,38.0,35700,37.8,U
sh603301,振德医疗,2025-09-23 09:55:02,38.23,49200,38.0,U
sh603301,振德医疗,2025-09-23 09:55:05,37.8,51400,38.23,D
sh603301,振德医疗,2025-09-23 09:55:08,38.3,9400,37.8,U
sh603301,振德医疗,2025-09-23 09:55:11,38.32,14500,38.3,E
sh603301,振德医疗,2025-09-23 09:55:17,38.29,7300,38.29,U
sh603301,振德医疗,2025-09-23 09:55:20,38.29,8700,38.29,U
sh603301,振德医疗,2025-09-23 09:55:23,38.09,5300,38.29,D
sh603301,振德医疗,2025-09-23 09:55:26,38.08,8400,38.09,D
sh603301,振德医疗,2025-09-23 09:55:29,38.26,17900,38.08,U
sh603301,振德医疗,2025-09-23 09:55:32,38.24,9600,38.26,D
sh603301,振德医疗,2025-09-23 09:55:35,38.24,5400,38.24,E
sh603301,振德医疗,2025-09-23 09:55:38,38.25,12200,38.24,U
sh603301,振德医疗,2025-09-23 09:55:41,38.28,16600,38.25,U
sh603301,振德医疗,2025-09-23 09:55:44,38.3,6700,38.28,U
sh603301,振德医疗,2025-09-23 09:55:47,38.33,21300,38.3,U
sh603301,振德医疗,2025-09-23 09:55:50,38.34,11000,38.33,U
sh603301,振德医疗,2025-09-23 09:55:53,38.38,10100,38.34,U
sh603301,振德医疗,2025-09-23 09:55:56,38.4,5600,38.38,U
sh603301,振德医疗,2025-09-23 09:56:02,38.4,40700,38.4,U
sh603301,振德医疗,2025-09-23 09:56:05,38.39,49998,38.4,E
sh603301,振德医疗,2025-09-23 09:56:14,38.42,18900,38.41,U
sh603301,振德医疗,2025-09-23 09:56:17,38.45,15400,38.42,U
sh603301,振德医疗,2025-09-23 09:56:20,38.5,22300,38.45,U
sh603301,振德医疗,2025-09-23 09:56:23,38.53,9600,38.5,U
sh603301,振德医疗,2025-09-23 09:56:29,38.54,7700,38.6,D
sh603301,振德医疗,2025-09-23 09:56:32,38.53,21300,38.54,D
sh603301,振德医疗,2025-09-23 09:56:35,38.58,18900,38.53,U
sh603301,振德医疗,2025-09-23 09:56:38,38.57,9700,38.58,E
sh603301,振德医疗,2025-09-23 09:56:44,38.57,9200,38.53,U
sh603301,振德医疗,2025-09-23 09:56:47,38.5,14200,38.57,D
sh603301,振德医疗,2025-09-23 09:56:50,38.53,7600,38.5,U
sh603301,振德医疗,2025-09-23 09:56:53,38.57,11200,38.53,U
sh603301,振德医疗,2025-09-23 09:56:56,38.58,9900,38.57,U
sh603301,振德医疗,2025-09-23 09:57:02,38.59,21400,38.55,U
sh603301,振德医疗,2025-09-23 09:57:08,38.62,11300,38.59,U
sh603301,振德医疗,2025-09-23 09:57:20,38.67,30000,38.88,D
sh603301,振德医疗,2025-09-23 09:57:23,38.86,7600,38.67,E
sh603301,振德医疗,2025-09-23 09:57:26,38.62,40000,38.86,D
sh603301,振德医疗,2025-09-23 09:57:53,38.62,6500,38.7,D
sh603301,振德医疗,2025-09-23 09:57:56,38.68,6800,38.62,U
sh603301,振德医疗,2025-09-23 09:58:02,38.6,11400,38.69,D
sh603301,振德医疗,2025-09-23 09:58:05,38.65,8100,38.6,U
sh603301,振德医疗,2025-09-23 09:58:08,38.69,17300,38.65,U
sh603301,振德医疗,2025-09-23 09:58:17,38.7,10600,38.68,U
sh603301,振德医疗,2025-09-23 09:58:20,38.7,15200,38.7,U
sh603301,振德医疗,2025-09-23 09:58:23,38.7,5900,38.7,U
sh603301,振德医疗,2025-09-23 09:58:38,38.81,6600,38.78,U
sh603301,振德医疗,2025-09-23 09:58:50,38.8,7100,38.77,U
sh603301,振德医疗,2025-09-23 09:59:05,38.76,13200,38.81,D
sh603301,振德医疗,2025-09-23 09:59:08,38.71,9300,38.76,E
sh603301,振德医疗,2025-09-23 09:59:11,38.7,10500,38.71,E
sh603301,振德医疗,2025-09-23 09:59:14,38.61,5500,38.7,D
sh603301,振德医疗,2025-09-23 09:59:17,38.6,18000,38.61,D
sh603301,振德医疗,2025-09-23 09:59:20,38.5,7900,38.6,D
sh603301,振德医疗,2025-09-23 09:59:44,38.47,10900,38.49,D
sh603301,振德医疗,2025-09-23 10:00:26,38.86,7400,38.81,U
sh603301,振德医疗,2025-09-23 10:00:29,38.88,6900,38.86,U
sh603301,振德医疗,2025-09-23 10:00:41,39.0,6500,38.96,U
sh603301,振德医疗,2025-09-23 10:00:59,39.13,13800,39.11,U
sh603301,振德医疗,2025-09-23 10:01:02,39.1,15000,39.13,D
sh603301,振德医疗,2025-09-23 10:01:05,39.0,15000,39.1,D
sh603301,振德医疗,2025-09-23 10:01:14,38.89,10400,38.9,E
sh603301,振德医疗,2025-09-23 10:01:20,38.87,16600,38.89,D
sh603301,振德医疗,2025-09-23 10:01:26,38.9,46500,38.88,U
sh603301,振德医疗,2025-09-23 10:01:47,38.96,14200,39.08,D
sh603301,振德医疗,2025-09-23 10:02:29,38.8,10900,38.77,U
sh603301,振德医疗,2025-09-23 10:02:38,38.82,8100,38.96,D
sh603301,振德医疗,2025-09-23 10:02:41,38.96,23100,38.82,U
sh603301,振德医疗,2025-09-23 10:02:44,38.96,8400,38.96,U
sh603301,振德医疗,2025-09-23 10:02:53,38.96,11000,38.98,D
sh603301,振德医疗,2025-09-23 10:02:56,38.96,7900,38.96,U
sh603301,振德医疗,2025-09-23 10:03:20,39.1,8100,39.09,U
sh603301,振德医疗,2025-09-23 10:03:32,39.06,14200,39.03,E
sh603301,振德医疗,2025-09-23 10:03:59,39.1,6000,39.09,U
sh603301,振德医疗,2025-09-23 10:04:08,39.04,5600,39.03,U
sh603301,振德医疗,2025-09-23 10:04:29,39.17,11600,39.07,U
sh603301,振德医疗,2025-09-23 10:04:59,39.3,7200,39.25,U
sh603301,振德医疗,2025-09-23 10:05:14,39.33,7700,39.31,E
sh603301,振德医疗,2025-09-23 10:06:08,39.26,6200,39.25,U
sh603301,振德医疗,2025-09-23 10:06:17,39.3,7200,39.26,U
sh603301,振德医疗,2025-09-23 10:07:14,39.38,19500,39.29,U
sh603301,振德医疗,2025-09-23 10:08:02,39.55,13200,39.59,D
sh603301,振德医疗,2025-09-23 10:08:05,39.6,6700,39.55,U
sh603301,振德医疗,2025-09-23 10:08:20,39.39,5500,39.42,D
sh603301,振德医疗,2025-09-23 10:08:53,39.35,8900,39.3,U
sh603301,振德医疗,2025-09-23 10:09:14,39.22,8300,39.26,D
sh603301,振德医疗,2025-09-23 10:10:29,39.13,8500,39.11,U
sh603301,振德医疗,2025-09-23 10:12:08,39.0,9000,39.04,D
sh603301,振德医疗,2025-09-23 10:12:14,39.08,9500,39.03,U
sh603301,振德医疗,2025-09-23 10:12:17,39.14,12000,39.08,U
sh603301,振德医疗,2025-09-23 10:12:20,39.17,6700,39.14,U
sh603301,振德医疗,2025-09-23 10:12:50,39.21,5300,39.23,D
sh603301,振德医疗,2025-09-23 10:13:08,39.19,5700,39.12,U
sh603301,振德医疗,2025-09-23 10:14:02,39.08,6600,39.11,D
sh603301,振德医疗,2025-09-23 10:15:47,39.05,8900,39.09,D
sh603301,振德医疗,2025-09-23 10:15:59,38.99,20500,39.03,D
sh603301,振德医疗,2025-09-23 10:16:26,38.91,11700,38.89,U
sh603301,振德医疗,2025-09-23 10:16:32,38.8,10000,38.9,D
sh603301,振德医疗,2025-09-23 10:16:47,38.84,11600,38.84,U
sh603301,振德医疗,2025-09-23 10:16:50,38.89,16600,38.84,U
sh603301,振德医疗,2025-09-23 10:17:11,38.86,5200,38.9,D
sh603301,振德医疗,2025-09-23 10:17:29,38.81,12300,38.86,D
sh603301,振德医疗,2025-09-23 10:17:56,38.75,6200,38.78,D
sh603301,振德医疗,2025-09-23 10:18:32,38.79,6100,38.83,E
sh603301,振德医疗,2025-09-23 10:18:50,38.79,5800,38.79,U
sh603301,振德医疗,2025-09-23 10:21:05,38.92,5800,38.86,U
sh603301,振德医疗,2025-09-23 10:24:50,38.88,19000,38.91,D
sh603301,振德医疗,2025-09-23 10:25:14,38.85,10600,38.85,D
sh603301,振德医疗,2025-09-23 10:25:17,38.81,16600,38.85,D
sh603301,振德医疗,2025-09-23 10:25:26,38.8,20900,38.81,D
sh603301,振德医疗,2025-09-23 10:28:05,38.67,7700,38.66,U
sh603301,振德医疗,2025-09-23 10:28:29,38.66,5200,38.66,D
sh603301,振德医疗,2025-09-23 10:28:32,38.6,7900,38.66,D
sh603301,振德医疗,2025-09-23 10:29:23,38.65,5900,38.63,U
sh603301,振德医疗,2025-09-23 10:31:11,38.71,5700,38.69,U
sh603301,振德医疗,2025-09-23 10:33:23,38.71,13200,38.67,U
sh603301,振德医疗,2025-09-23 10:34:17,38.88,14100,38.85,U
sh603301,振德医疗,2025-09-23 10:35:26,39.14,48000,39.09,U
sh603301,振德医疗,2025-09-23 10:35:53,39.12,7400,39.14,D
sh603301,振德医疗,2025-09-23 10:36:11,38.99,13800,39.09,D
sh603301,振德医疗,2025-09-23 10:36:50,38.99,20100,39.01,D
sh603301,振德医疗,2025-09-23 10:38:35,38.89,11100,38.87,U
sh603301,振德医疗,2025-09-23 10:39:41,38.94,27800,38.95,D
sh603301,振德医疗,2025-09-23 10:41:08,38.8,14400,38.84,D
sh603301,振德医疗,2025-09-23 10:41:11,38.75,10000,38.8,D
sh603301,振德医疗,2025-09-23 10:41:35,38.6,26200,38.67,D
sh603301,振德医疗,2025-09-23 10:44:38,38.98,10100,38.99,D
sh603301,振德医疗,2025-09-23 10:44:44,38.99,7500,38.99,U
sh603301,振德医疗,2025-09-23 10:45:29,38.99,5400,39.0,D
sh603301,振德医疗,2025-09-23 10:48:08,38.94,8600,38.94,D
sh603301,振德医疗,2025-09-23 10:48:35,38.94,5700,38.94,U
sh603301,振德医疗,2025-09-23 10:49:32,38.92,25000,38.98,D
sh603301,振德医疗,2025-09-23 10:50:17,38.99,31300,38.92,U
sh603301,振德医疗,2025-09-23 10:52:02,38.99,7600,38.99,U
sh603301,振德医疗,2025-09-23 10:52:23,39.0,7800,38.99,U
sh603301,振德医疗,2025-09-23 10:52:44,38.97,5900,39.0,D
sh603301,振德医疗,2025-09-23 10:53:08,38.91,36200,38.9,U
sh603301,振德医疗,2025-09-23 10:53:11,38.88,13600,38.91,D
sh603301,振德医疗,2025-09-23 10:53:47,38.86,7500,38.86,D
sh603301,振德医疗,2025-09-23 10:55:05,38.85,8700,38.91,D
sh603301,振德医疗,2025-09-23 10:56:05,38.87,5300,38.88,D
sh603301,振德医疗,2025-09-23 10:57:23,38.85,51100,38.89,D
sh603301,振德医疗,2025-09-23 10:58:32,38.79,30100,38.83,D
sh603301,振德医疗,2025-09-23 11:02:14,39.14,5800,39.11,E
sh603301,振德医疗,2025-09-23 11:04:31,39.09,6500,39.06,U
sh603301,振德医疗,2025-09-23 11:04:53,39.15,6100,39.15,E
sh603301,振德医疗,2025-09-23 11:05:02,39.2,10800,39.12,U
sh603301,振德医疗,2025-09-23 11:06:05,39.09,7700,39.14,D
sh603301,振德医疗,2025-09-23 11:06:56,39.12,6500,39.08,U
sh603301,振德医疗,2025-09-23 11:10:53,38.83,6000,38.86,D
sh603301,振德医疗,2025-09-23 11:12:11,38.86,9600,38.9,D
sh603301,振德医疗,2025-09-23 11:17:11,39.05,14800,38.99,U
sh603301,振德医疗,2025-09-23 11:21:11,38.96,5800,38.97,D
sh603301,振德医疗,2025-09-23 11:21:14,38.94,9600,38.96,D
sh603301,振德医疗,2025-09-23 11:22:05,38.83,33500,38.9,D
sh603301,振德医疗,2025-09-23 11:23:35,38.74,5200,38.75,D
sh603301,振德医疗,2025-09-23 11:25:05,38.7,6200,38.75,D
sh603301,振德医疗,2025-09-23 11:26:11,38.88,10000,38.74,U
sh603301,振德医疗,2025-09-23 11:28:26,38.87,7100,38.88,D
sh603301,振德医疗,2025-09-23 13:00:05,38.91,6700,38.89,U
sh603301,振德医疗,2025-09-23 13:00:08,38.87,8100,38.91,D
sh603301,振德医疗,2025-09-23 13:00:11,38.91,12400,38.87,U
sh603301,振德医疗,2025-09-23 13:00:14,38.91,7300,38.91,D
sh603301,振德医疗,2025-09-23 13:00:26,39.02,7900,38.99,U
sh603301,振德医疗,2025-09-23 13:00:59,39.22,15300,39.19,U
sh603301,振德医疗,2025-09-23 13:01:11,39.3,9700,39.3,U
sh603301,振德医疗,2025-09-23 13:01:23,39.37,8900,39.38,D
sh603301,振德医疗,2025-09-23 13:02:05,39.37,7700,39.38,D
sh603301,振德医疗,2025-09-23 13:02:11,39.23,10800,39.38,D
sh603301,振德医疗,2025-09-23 13:02:14,39.23,18100,39.23,U
sh603301,振德医疗,2025-09-23 13:03:29,39.3,19000,39.25,U
sh603301,振德医疗,2025-09-23 13:04:38,39.41,5100,39.41,D
sh603301,振德医疗,2025-09-23 13:04:56,39.37,7900,39.32,U
sh603301,振德医疗,2025-09-23 13:05:26,39.32,5100,39.28,U
sh603301,振德医疗,2025-09-23 13:06:02,39.32,44700,39.38,D
sh603301,振德医疗,2025-09-23 13:06:05,39.27,28400,39.32,D
sh603301,振德医疗,2025-09-23 13:06:32,39.24,5700,39.27,D
sh603301,振德医疗,2025-09-23 13:06:56,39.21,20500,39.23,D
sh603301,振德医疗,2025-09-23 13:07:02,39.2,6400,39.21,D
sh603301,振德医疗,2025-09-23 13:08:23,39.18,11100,39.15,U
sh603301,振德医疗,2025-09-23 13:11:29,39.2,5300,39.18,U
sh603301,振德医疗,2025-09-23 13:12:38,39.32,5100,39.32,U
sh603301,振德医疗,2025-09-23 13:15:47,39.35,6100,39.33,U
sh603301,振德医疗,2025-09-23 13:16:26,39.39,7000,39.38,U
sh603301,振德医疗,2025-09-23 13:16:56,39.38,5400,39.39,D
sh603301,振德医疗,2025-09-23 13:17:44,39.4,7100,39.35,U
sh603301,振德医疗,2025-09-23 13:18:11,39.35,5700,39.36,D
sh603301,振德医疗,2025-09-23 13:18:23,39.27,24100,39.31,D
sh603301,振德医疗,2025-09-23 13:28:14,39.45,6800,39.43,U
sh603301,振德医疗,2025-09-23 13:28:56,39.54,7300,39.5,U
sh603301,振德医疗,2025-09-23 13:29:11,39.49,23900,39.52,D
sh603301,振德医疗,2025-09-23 13:31:29,39.35,5900,39.33,U
sh603301,振德医疗,2025-09-23 13:32:20,39.33,7100,39.36,D
sh603301,振德医疗,2025-09-23 13:32:23,39.33,20200,39.33,D
sh603301,振德医疗,2025-09-23 13:32:26,39.34,11500,39.33,U
sh603301,振德医疗,2025-09-23 13:32:35,39.34,13700,39.3,U
sh603301,振德医疗,2025-09-23 13:33:02,39.34,7400,39.34,D
sh603301,振德医疗,2025-09-23 13:37:50,39.29,18100,39.29,D
sh603301,振德医疗,2025-09-23 13:37:59,39.36,22000,39.27,U
sh603301,振德医疗,2025-09-23 13:38:47,39.42,45700,39.38,U
sh603301,振德医疗,2025-09-23 13:42:11,39.45,16500,39.45,D
sh603301,振德医疗,2025-09-23 13:45:23,39.32,6800,39.31,U
sh603301,振德医疗,2025-09-23 13:46:26,39.4,9200,39.34,U
sh603301,振德医疗,2025-09-23 13:54:02,39.59,18700,39.48,U
sh603301,振德医疗,2025-09-23 13:54:14,39.66,13000,39.6,U
sh603301,振德医疗,2025-09-23 13:54:59,39.7,5300,39.67,U
sh603301,振德医疗,2025-09-23 13:57:35,39.57,6300,39.58,D
sh603301,振德医疗,2025-09-23 13:58:14,39.58,5600,39.55,U
sh603301,振德医疗,2025-09-23 14:03:44,39.51,8600,39.53,D
sh603301,振德医疗,2025-09-23 14:03:56,39.49,8300,39.49,D
sh603301,振德医疗,2025-09-23 14:05:11,39.37,7600,39.44,D
sh603301,振德医疗,2025-09-23 14:08:41,39.32,10300,39.34,D
sh603301,振德医疗,2025-09-23 14:08:47,39.3,6900,39.32,D
sh603301,振德医疗,2025-09-23 14:10:53,39.32,20800,39.36,D
sh603301,振德医疗,2025-09-23 14:13:38,39.36,5300,39.36,D
sh603301,振德医疗,2025-09-23 14:16:50,39.4,10500,39.36,U
sh603301,振德医疗,2025-09-23 14:16:59,39.44,6100,39.4,U
sh603301,振德医疗,2025-09-23 14:17:05,39.44,6100,39.44,U
sh603301,振德医疗,2025-09-23 14:21:08,39.5,9900,39.59,D
sh603301,振德医疗,2025-09-23 14:21:20,39.51,6000,39.51,U
sh603301,振德医疗,2025-09-23 14:21:50,39.5,16200,39.55,D
sh603301,振德医疗,2025-09-23 14:22:35,39.54,12900,39.49,U
sh603301,振德医疗,2025-09-23 14:22:38,39.6,12000,39.54,U
sh603301,振德医疗,2025-09-23 14:24:11,39.62,10800,39.62,D
sh603301,振德医疗,2025-09-23 14:24:38,39.7,8100,39.69,U
sh603301,振德医疗,2025-09-23 14:25:38,39.83,5800,39.8,U
sh603301,振德医疗,2025-09-23 14:28:53,39.76,6300,39.8,D
sh603301,振德医疗,2025-09-23 14:30:11,39.76,9900,39.78,D
sh603301,振德医疗,2025-09-23 14:33:29,39.76,8000,39.75,U
sh603301,振德医疗,2025-09-23 14:33:32,39.75,8900,39.76,D
sh603301,振德医疗,2025-09-23 14:33:56,39.72,6200,39.72,D
sh603301,振德医疗,2025-09-23 14:33:59,39.7,8500,39.72,D
sh603301,振德医疗,2025-09-23 14:34:50,39.7,5600,39.7,U
sh603301,振德医疗,2025-09-23 14:36:56,39.8,7200,39.8,U
sh603301,振德医疗,2025-09-23 14:37:50,39.79,10500,39.77,U
sh603301,振德医疗,2025-09-23 14:37:59,39.8,8700,39.79,U
sh603301,振德医疗,2025-09-23 14:38:05,39.83,11000,39.81,U
sh603301,振德医疗,2025-09-23 14:38:44,39.93,7000,39.95,D
sh603301,振德医疗,2025-09-23 14:39:05,39.94,7700,39.93,U
sh603301,振德医疗,2025-09-23 14:40:02,40.0,6000,39.98,U
sh603301,振德医疗,2025-09-23 14:40:08,40.0,15100,39.99,U
sh603301,振德医疗,2025-09-23 14:40:23,40.0,8100,40.1,D
sh603301,振德医疗,2025-09-23 14:40:44,39.99,7900,39.99,D
sh603301,振德医疗,2025-09-23 14:40:53,39.98,5700,39.98,D
sh603301,振德医疗,2025-09-23 14:41:05,39.99,27600,39.99,D
sh603301,振德医疗,2025-09-23 14:41:32,39.97,8000,39.98,D
sh603301,振德医疗,2025-09-23 14:41:47,39.96,6800,39.95,U
sh603301,振德医疗,2025-09-23 14:41:59,40.0,17500,39.99,U
sh603301,振德医疗,2025-09-23 14:42:17,40.1,5300,40.09,U
sh603301,振德医疗,2025-09-23 14:42:50,40.15,6600,40.16,D
sh603301,振德医疗,2025-09-23 14:42:53,40.14,7800,40.15,D
sh603301,振德医疗,2025-09-23 14:43:02,40.1,8800,40.11,D
sh603301,振德医疗,2025-09-23 14:43:05,40.1,5000,40.1,D
sh603301,振德医疗,2025-09-23 14:43:14,40.07,7300,40.07,U
sh603301,振德医疗,2025-09-23 14:43:44,40.16,8200,40.12,U
sh603301,振德医疗,2025-09-23 14:43:47,40.17,6400,40.16,U
sh603301,振德医疗,2025-09-23 14:43:56,40.18,6100,40.12,U
sh603301,振德医疗,2025-09-23 14:44:23,40.22,17100,40.19,U
sh603301,振德医疗,2025-09-23 14:44:44,40.24,22000,40.25,D
sh603301,振德医疗,2025-09-23 14:44:53,40.27,12500,40.25,U
sh603301,振德医疗,2025-09-23 14:45:05,40.28,10200,40.27,E
sh603301,振德医疗,2025-09-23 14:45:08,40.3,5000,40.28,U
sh603301,振德医疗,2025-09-23 14:45:23,40.25,6400,40.25,D
sh603301,振德医疗,2025-09-23 14:45:26,40.23,22700,40.25,D
sh603301,振德医疗,2025-09-23 14:46:17,40.19,7300,40.2,D
sh603301,振德医疗,2025-09-23 14:46:20,40.2,5300,40.19,U
sh603301,振德医疗,2025-09-23 14:47:23,40.19,11600,40.15,U
sh603301,振德医疗,2025-09-23 14:48:02,40.22,14200,40.19,U
sh603301,振德医疗,2025-09-23 14:48:20,40.24,30800,40.2,U
sh603301,振德医疗,2025-09-23 14:48:23,40.25,8700,40.24,U
sh603301,振德医疗,2025-09-23 14:48:38,40.3,10100,40.26,U
sh603301,振德医疗,2025-09-23 14:48:53,40.32,11000,40.31,U
sh603301,振德医疗,2025-09-23 14:49:02,40.35,5800,40.38,D
sh603301,振德医疗,2025-09-23 14:49:05,40.35,6800,40.35,D
sh603301,振德医疗,2025-09-23 14:49:17,40.38,10300,40.34,U
sh603301,振德医疗,2025-09-23 14:49:41,40.4,18300,40.35,U
sh603301,振德医疗,2025-09-23 14:50:02,40.33,34500,40.35,D
sh603301,振德医疗,2025-09-23 14:50:23,40.35,5300,40.31,U
sh603301,振德医疗,2025-09-23 14:50:29,40.34,11000,40.28,U
sh603301,振德医疗,2025-09-23 14:50:47,40.4,7900,40.39,U
sh603301,振德医疗,2025-09-23 14:51:08,40.35,6200,40.35,U
sh603301,振德医疗,2025-09-23 14:51:29,40.41,9900,40.37,U
sh603301,振德医疗,2025-09-23 14:51:41,40.38,8600,40.38,D
sh603301,振德医疗,2025-09-23 14:52:05,40.37,10900,40.37,U
sh603301,振德医疗,2025-09-23 14:52:11,40.4,5500,40.37,U
sh603301,振德医疗,2025-09-23 14:52:14,40.4,9200,40.4,U
sh603301,振德医疗,2025-09-23 14:52:29,40.5,15900,40.41,U
sh603301,振德医疗,2025-09-23 14:52:35,40.41,12000,40.49,D
sh603301,振德医疗,2025-09-23 14:52:47,40.42,5900,40.43,D
sh603301,振德医疗,2025-09-23 14:52:50,40.42,6800,40.42,U
sh603301,振德医疗,2025-09-23 14:53:02,40.41,15400,40.42,E
sh603301,振德医疗,2025-09-23 14:53:11,40.46,10000,40.41,U
sh603301,振德医疗,2025-09-23 14:53:26,40.48,22300,40.46,U
sh603301,振德医疗,2025-09-23 14:53:38,40.5,10600,40.49,U
sh603301,振德医疗,2025-09-23 14:53:41,40.5,25020,40.5,U
sh603301,振德医疗,2025-09-23 14:53:56,40.49,8980,40.51,D
sh603301,振德医疗,2025-09-23 14:53:59,40.48,14400,40.49,D
sh603301,振德医疗,2025-09-23 14:54:05,40.47,11300,40.48,D
sh603301,振德医疗,2025-09-23 14:54:08,40.5,13800,40.47,U
sh603301,振德医疗,2025-09-23 14:54:11,40.5,7600,40.5,D
sh603301,振德医疗,2025-09-23 14:54:26,40.53,11500,40.51,U
sh603301,振德医疗,2025-09-23 14:54:32,40.55,13400,40.54,U
sh603301,振德医疗,2025-09-23 14:55:02,40.64,12900,40.63,U
sh603301,振德医疗,2025-09-23 14:55:05,40.64,8300,40.64,U
sh603301,振德医疗,2025-09-23 14:55:11,40.6,6100,40.6,D
sh603301,振德医疗,2025-09-23 14:55:14,40.64,7100,40.6,E
sh603301,振德医疗,2025-09-23 14:55:17,40.64,6000,40.64,D
sh603301,振德医疗,2025-09-23 14:55:20,40.63,18200,40.64,D
sh603301,振德医疗,2025-09-23 14:55:26,40.61,13700,40.65,D
sh603301,振德医疗,2025-09-23 14:55:29,40.6,9800,40.61,D
sh603301,振德医疗,2025-09-23 14:55:35,40.6,8000,40.6,D
sh603301,振德医疗,2025-09-23 14:55:38,40.58,30100,40.6,D
sh603301,振德医疗,2025-09-23 14:55:47,40.63,44400,40.58,U
sh603301,振德医疗,2025-09-23 14:55:50,40.6,7000,40.63,D
sh603301,振德医疗,2025-09-23 14:55:53,40.66,6700,40.6,U
sh603301,振德医疗,2025-09-23 14:55:56,40.64,5200,40.66,D
sh603301,振德医疗,2025-09-23 14:56:02,40.64,14300,40.64,D
sh603301,振德医疗,2025-09-23 14:56:05,40.63,39500,40.64,D
sh603301,振德医疗,2025-09-23 14:56:08,40.54,9100,40.63,D
sh603301,振德医疗,2025-09-23 14:56:14,40.64,27800,40.63,U
sh603301,振德医疗,2025-09-23 14:56:17,40.63,14000,40.64,E
sh603301,振德医疗,2025-09-23 14:56:23,40.51,13100,40.57,D
sh603301,振德医疗,2025-09-23 14:56:29,40.52,8600,40.51,E
sh603301,振德医疗,2025-09-23 14:56:32,40.56,9300,40.52,U
sh603301,振德医疗,2025-09-23 14:56:35,40.57,6500,40.56,E
sh603301,振德医疗,2025-09-23 14:56:41,40.56,17520,40.55,U
sh603301,振德医疗,2025-09-23 14:56:50,40.63,17700,40.55,U
sh603301,振德医疗,2025-09-23 14:56:59,40.62,11200,40.61,U
sh603301,振德医疗,2025-09-23 15:00:03,40.63,188000,40.62,U
