symbol,name,ticktime,price,volume,prev_price,kind
sh603301,振德医疗,2025-09-22 09:25:02,40.0,75700,0.0,U
sh603301,振德医疗,2025-09-22 09:30:01,40.13,9800,40.0,U
sh603301,振德医疗,2025-09-22 09:30:10,39.93,55000,40.33,D
sh603301,振德医疗,2025-09-22 09:30:13,39.93,17700,39.93,U
sh603301,振德医疗,2025-09-22 09:30:16,39.93,6300,39.93,U
sh603301,振德医疗,2025-09-22 09:30:19,40.15,20500,39.93,U
sh603301,振德医疗,2025-09-22 09:30:22,40.2,8300,40.15,U
sh603301,振德医疗,2025-09-22 09:30:25,40.2,5800,40.2,U
sh603301,振德医疗,2025-09-22 09:30:28,40.14,5300,40.2,E
sh603301,振德医疗,2025-09-22 09:30:31,40.2,15900,40.14,U
sh603301,振德医疗,2025-09-22 09:30:37,40.15,8100,40.14,U
sh603301,振德医疗,2025-09-22 09:30:40,40.14,12400,40.15,D
sh603301,振德医疗,2025-09-22 09:30:43,40.17,18200,40.14,E
sh603301,振德医疗,2025-09-22 09:30:46,40.14,6300,40.17,D
sh603301,振德医疗,2025-09-22 09:30:49,40.08,13900,40.14,D
sh603301,振德医疗,2025-09-22 09:30:52,40.03,15500,40.08,D
sh603301,振德医疗,2025-09-22 09:30:55,40.03,10800,40.03,E
sh603301,振德医疗,2025-09-22 09:30:58,40.0,17400,40.03,D
sh603301,振德医疗,2025-09-22 09:31:01,39.95,21700,40.0,D
sh603301,振德医疗,2025-09-22 09:31:04,39.89,12000,39.95,D
sh603301,振德医疗,2025-09-22 09:31:13,39.71,11600,39.72,D
sh603301,振德医疗,2025-09-22 09:31:16,39.68,11600,39.71,D
sh603301,振德医疗,2025-09-22 09:31:19,39.68,29700,39.68,D
sh603301,振德医疗,2025-09-22 09:31:22,39.5,6200,39.68,D
sh603301,振德医疗,2025-09-22 09:31:28,39.31,22300,39.4,D
sh603301,振德医疗,2025-09-22 09:31:31,39.41,14400,39.31,U
sh603301,振德医疗,2025-09-22 09:31:34,39.5,8700,39.41,U
sh603301,振德医疗,2025-09-22 09:31:37,39.51,7600,39.5,E
sh603301,振德医疗,2025-09-22 09:31:46,39.46,12000,39.48,D
sh603301,振德医疗,2025-09-22 09:31:49,39.39,16200,39.46,D
sh603301,振德医疗,2025-09-22 09:31:52,39.36,8600,39.39,D
sh603301,振德医疗,2025-09-22 09:31:58,39.31,6100,39.31,D
sh603301,振德医疗,2025-09-22 09:32:01,39.3,22200,39.31,D
sh603301,振德医疗,2025-09-22 09:32:04,39.27,22800,39.3,D
sh603301,振德医疗,2025-09-22 09:32:22,39.2,6200,39.12,U
sh603301,振德医疗,2025-09-22 09:32:25,39.2,14600,39.2,D
sh603301,振德医疗,2025-09-22 09:32:28,39.38,8500,39.2,U
sh603301,振德医疗,2025-09-22 09:32:37,39.5,5500,39.43,U
sh603301,振德医疗,2025-09-22 09:32:46,39.93,13400,39.81,U
sh603301,振德医疗,2025-09-22 09:32:49,39.9,5800,39.93,E
sh603301,振德医疗,2025-09-22 09:32:52,39.74,6000,39.9,D
sh603301,振德医疗,2025-09-22 09:32:55,39.8,14400,39.74,U
sh603301,振德医疗,2025-09-22 09:33:07,39.77,5700,39.8,D
sh603301,振德医疗,2025-09-22 09:33:13,40.0,22500,39.74,U
sh603301,振德医疗,2025-09-22 09:33:16,39.78,13000,40.0,E
sh603301,振德医疗,2025-09-22 09:33:19,40.08,8500,39.78,U
sh603301,振德医疗,2025-09-22 09:33:22,40.09,10900,40.08,E
sh603301,振德医疗,2025-09-22 09:33:28,40.15,32300,40.1,U
sh603301,振德医疗,2025-09-22 09:33:31,40.27,18800,40.15,U
sh603301,振德医疗,2025-09-22 09:33:37,40.4,37500,40.31,U
sh603301,振德医疗,2025-09-22 09:33:40,40.43,25200,40.4,E
sh603301,振德医疗,2025-09-22 09:33:43,40.39,14600,40.43,D
sh603301,振德医疗,2025-09-22 09:33:46,40.5,51200,40.39,U
sh603301,振德医疗,2025-09-22 09:33:49,40.59,5600,40.5,U
sh603301,振德医疗,2025-09-22 09:33:55,40.84,19000,40.65,U
sh603301,振德医疗,2025-09-22 09:33:58,40.97,29100,40.84,U
sh603301,振德医疗,2025-09-22 09:34:01,40.99,15700,40.97,U
sh603301,振德医疗,2025-09-22 09:34:04,41.08,6200,40.99,U
sh603301,振德医疗,2025-09-22 09:34:07,41.08,24500,41.08,D
sh603301,振德医疗,2025-09-22 09:34:10,40.93,16400,41.08,D
sh603301,振德医疗,2025-09-22 09:34:13,40.84,25800,40.93,D
sh603301,振德医疗,2025-09-22 09:34:19,41.0,46100,40.65,U
sh603301,振德医疗,2025-09-22 09:34:22,41.0,70800,41.0,D
sh603301,振德医疗,2025-09-22 09:34:25,41.09,7400,41.0,E
sh603301,振德医疗,2025-09-22 09:34:28,41.15,7500,41.09,E
sh603301,振德医疗,2025-09-22 09:34:31,41.2,19100,41.15,U
sh603301,振德医疗,2025-09-22 09:34:34,41.24,9900,41.2,U
sh603301,振德医疗,2025-09-22 09:34:37,41.32,18200,41.24,U
sh603301,振德医疗,2025-09-22 09:34:40,41.37,6400,41.32,U
sh603301,振德医疗,2025-09-22 09:34:43,41.47,15700,41.37,E
sh603301,振德医疗,2025-09-22 09:34:46,41.48,12100,41.47,U
sh603301,振德医疗,2025-09-22 09:34:49,41.5,21600,41.48,U
sh603301,振德医疗,2025-09-22 09:34:52,41.47,158000,41.5,D
sh603301,振德医疗,2025-09-22 09:34:55,41.5,128800,41.47,U
sh603301,振德医疗,2025-09-22 09:34:58,41.53,30300,41.5,U
sh603301,振德医疗,2025-09-22 09:35:01,41.53,37200,41.53,U
sh603301,振德医疗,2025-09-22 09:35:04,41.53,32400,41.53,D
sh603301,振德医疗,2025-09-22 09:35:07,41.5,59400,41.53,D
sh603301,振德医疗,2025-09-22 09:35:10,41.4,20300,41.5,E
sh603301,振德医疗,2025-09-22 09:35:13,41.39,21200,41.4,U
sh603301,振德医疗,2025-09-22 09:35:16,41.3,18300,41.39,D
sh603301,振德医疗,2025-09-22 09:35:19,41.27,23900,41.3,D
sh603301,振德医疗,2025-09-22 09:35:22,41.27,11800,41.27,U
sh603301,振德医疗,2025-09-22 09:35:28,41.11,7200,41.16,D
sh603301,振德医疗,2025-09-22 09:35:31,41.11,11600,41.11,U
sh603301,振德医疗,2025-09-22 09:35:37,40.97,21100,41.0,D
sh603301,振德医疗,2025-09-22 09:35:40,41.0,13600,40.97,U
sh603301,振德医疗,2025-09-22 09:35:43,40.99,14900,41.0,E
sh603301,振德医疗,2025-09-22 09:35:46,41.0,8200,40.99,U
sh603301,振德医疗,2025-09-22 09:35:49,41.01,23300,41.0,U
sh603301,振德医疗,2025-09-22 09:35:52,41.12,49300,41.01,U
sh603301,振德医疗,2025-09-22 09:35:55,41.2,6500,41.12,U
sh603301,振德医疗,2025-09-22 09:35:58,41.19,8300,41.2,D
sh603301,振德医疗,2025-09-22 09:36:01,41.2,11000,41.19,U
sh603301,振德医疗,2025-09-22 09:36:07,41.17,33000,41.2,D
sh603301,振德医疗,2025-09-22 09:36:10,41.04,8000,41.17,D
sh603301,振德医疗,2025-09-22 09:36:13,41.2,34000,41.04,U
sh603301,振德医疗,2025-09-22 09:36:16,41.45,32700,41.2,U
sh603301,振德医疗,2025-09-22 09:36:22,41.49,12300,41.5,E
sh603301,振德医疗,2025-09-22 09:36:25,41.49,12200,41.49,U
sh603301,振德医疗,2025-09-22 09:36:28,41.49,26200,41.49,U
sh603301,振德医疗,2025-09-22 09:36:31,41.41,36800,41.49,D
sh603301,振德医疗,2025-09-22 09:36:37,41.43,10200,41.43,U
sh603301,振德医疗,2025-09-22 09:36:43,41.43,38000,41.45,D
sh603301,振德医疗,2025-09-22 09:36:46,41.48,5400,41.43,U
sh603301,振德医疗,2025-09-22 09:36:49,41.49,9200,41.48,U
sh603301,振德医疗,2025-09-22 09:36:52,41.49,13300,41.49,U
sh603301,振德医疗,2025-09-22 09:36:55,41.43,8400,41.49,D
sh603301,振德医疗,2025-09-22 09:36:58,41.2,12200,41.43,D
sh603301,振德医疗,2025-09-22 09:37:01,41.22,5300,41.2,E
sh603301,振德医疗,2025-09-22 09:37:04,41.2,8500,41.22,D
sh603301,振德医疗,2025-09-22 09:37:07,41.27,9500,41.2,E
sh603301,振德医疗,2025-09-22 09:37:10,41.2,10200,41.27,D
sh603301,振德医疗,2025-09-22 09:37:13,41.28,14900,41.2,U
sh603301,振德医疗,2025-09-22 09:37:16,41.43,20800,41.28,U
sh603301,振德医疗,2025-09-22 09:37:25,41.4,7500,41.42,D
sh603301,振德医疗,2025-09-22 09:37:28,41.41,11800,41.4,U
sh603301,振德医疗,2025-09-22 09:37:34,41.41,10400,41.31,U
sh603301,振德医疗,2025-09-22 09:37:40,41.33,7300,41.33,D
sh603301,振德医疗,2025-09-22 09:37:43,41.33,4900,41.33,D
sh603301,振德医疗,2025-09-22 09:37:52,41.34,6700,41.35,D
sh603301,振德医疗,2025-09-22 09:37:55,41.31,15000,41.34,D
sh603301,振德医疗,2025-09-22 09:37:58,41.28,18300,41.31,D
sh603301,振德医疗,2025-09-22 09:38:01,41.2,16300,41.28,D
sh603301,振德医疗,2025-09-22 09:38:04,41.18,9200,41.2,E
sh603301,振德医疗,2025-09-22 09:38:13,41.09,11000,41.04,U
sh603301,振德医疗,2025-09-22 09:38:16,41.18,17100,41.09,U
sh603301,振德医疗,2025-09-22 09:38:19,41.25,9300,41.18,U
sh603301,振德医疗,2025-09-22 09:38:22,41.04,21500,41.25,D
sh603301,振德医疗,2025-09-22 09:38:25,41.0,25200,41.04,D
sh603301,振德医疗,2025-09-22 09:38:28,41.0,20900,41.0,D
sh603301,振德医疗,2025-09-22 09:38:31,41.0,13000,41.0,D
sh603301,振德医疗,2025-09-22 09:38:34,41.01,23100,41.0,E
sh603301,振德医疗,2025-09-22 09:38:37,41.05,11600,41.01,U
sh603301,振德医疗,2025-09-22 09:38:40,41.1,7700,41.05,U
sh603301,振德医疗,2025-09-22 09:38:58,41.23,15000,41.2,U
sh603301,振德医疗,2025-09-22 09:39:01,41.22,5200,41.23,E
sh603301,振德医疗,2025-09-22 09:39:04,41.22,6500,41.22,E
sh603301,振德医疗,2025-09-22 09:39:07,41.2,17600,41.22,D
sh603301,振德医疗,2025-09-22 09:39:10,41.16,6100,41.2,D
sh603301,振德医疗,2025-09-22 09:39:13,41.18,7700,41.16,U
sh603301,振德医疗,2025-09-22 09:39:16,41.03,7500,41.18,D
sh603301,振德医疗,2025-09-22 09:39:25,41.03,7800,41.03,U
sh603301,振德医疗,2025-09-22 09:39:31,41.0,9900,41.05,D
sh603301,振德医疗,2025-09-22 09:40:16,40.66,5400,40.75,D
sh603301,振德医疗,2025-09-22 09:40:34,40.49,16000,40.51,D
sh603301,振德医疗,2025-09-22 09:40:58,40.45,5000,40.43,U
sh603301,振德医疗,2025-09-22 09:41:01,40.51,21200,40.45,U
sh603301,振德医疗,2025-09-22 09:41:07,40.44,10200,40.57,D
sh603301,振德医疗,2025-09-22 09:41:10,40.32,11700,40.44,D
sh603301,振德医疗,2025-09-22 09:41:25,40.08,6500,40.1,D
sh603301,振德医疗,2025-09-22 09:41:43,40.09,5200,40.08,E
sh603301,振德医疗,2025-09-22 09:41:52,40.11,5300,40.13,D
sh603301,振德医疗,2025-09-22 09:42:04,40.1,5400,40.14,D
sh603301,振德医疗,2025-09-22 09:42:07,40.08,20000,40.1,D
sh603301,振德医疗,2025-09-22 09:42:10,40.02,21500,40.08,D
sh603301,振德医疗,2025-09-22 09:42:16,40.01,6000,40.02,D
sh603301,振德医疗,2025-09-22 09:42:19,40.0,9600,40.01,D
sh603301,振德医疗,2025-09-22 09:42:22,40.07,15500,40.0,U
sh603301,振德医疗,2025-09-22 09:42:25,40.16,34700,40.07,U
sh603301,振德医疗,2025-09-22 09:42:37,40.4,6000,40.4,U
sh603301,振德医疗,2025-09-22 09:43:01,40.34,16500,40.27,U
sh603301,振德医疗,2025-09-22 09:43:10,40.3,11700,40.36,D
sh603301,振德医疗,2025-09-22 09:43:16,40.31,10100,40.36,E
sh603301,振德医疗,2025-09-22 09:43:25,40.27,7100,40.18,U
sh603301,振德医疗,2025-09-22 09:43:28,40.12,14000,40.27,D
sh603301,振德医疗,2025-09-22 09:43:31,40.2,6200,40.12,U
sh603301,振德医疗,2025-09-22 09:43:43,40.17,5800,40.2,D
sh603301,振德医疗,2025-09-22 09:43:49,40.3,11500,40.17,U
sh603301,振德医疗,2025-09-22 09:43:52,40.44,20500,40.3,U
sh603301,振德医疗,2025-09-22 09:43:55,40.34,8800,40.44,D
sh603301,振德医疗,2025-09-22 09:44:10,40.25,5400,40.26,D
sh603301,振德医疗,2025-09-22 09:44:19,40.25,14200,40.25,D
sh603301,振德医疗,2025-09-22 09:44:31,40.23,9200,40.26,D
sh603301,振德医疗,2025-09-22 09:44:34,40.17,9800,40.23,D
sh603301,振德医疗,2025-09-22 09:45:16,40.2,5300,40.2,D
sh603301,振德医疗,2025-09-22 09:45:22,40.19,15000,40.21,D
sh603301,振德医疗,2025-09-22 09:45:25,40.22,20400,40.19,U
sh603301,振德医疗,2025-09-22 09:45:34,40.22,24600,40.3,D
sh603301,振德医疗,2025-09-22 09:45:49,40.22,7600,40.21,U
sh603301,振德医疗,2025-09-22 09:45:52,40.21,9000,40.22,U
sh603301,振德医疗,2025-09-22 09:45:55,40.23,6700,40.21,U
sh603301,振德医疗,2025-09-22 09:45:58,40.16,9800,40.23,D
sh603301,振德医疗,2025-09-22 09:46:01,40.16,5100,40.16,U
sh603301,振德医疗,2025-09-22 09:46:07,40.12,7600,40.15,D
sh603301,振德医疗,2025-09-22 09:46:10,40.1,20100,40.12,D
sh603301,振德医疗,2025-09-22 09:46:13,40.1,5300,40.1,D
sh603301,振德医疗,2025-09-22 09:46:16,40.07,15300,40.1,D
sh603301,振德医疗,2025-09-22 09:46:19,40.19,48200,40.07,U
sh603301,振德医疗,2025-09-22 09:46:28,40.19,6200,40.18,U
sh603301,振德医疗,2025-09-22 09:46:37,40.18,10600,40.21,D
sh603301,振德医疗,2025-09-22 09:46:58,40.27,49700,40.18,U
sh603301,振德医疗,2025-09-22 09:47:01,40.32,5800,40.27,U
sh603301,振德医疗,2025-09-22 09:47:16,40.35,6300,40.35,U
sh603301,振德医疗,2025-09-22 09:47:25,40.35,7400,40.34,U
sh603301,振德医疗,2025-09-22 09:47:31,40.32,10800,40.35,D
sh603301,振德医疗,2025-09-22 09:47:34,40.35,6900,40.32,U
sh603301,振德医疗,2025-09-22 09:47:37,40.33,9400,40.35,D
sh603301,振德医疗,2025-09-22 09:47:40,40.32,10300,40.33,D
sh603301,振德医疗,2025-09-22 09:47:55,40.24,6300,40.28,D
sh603301,振德医疗,2025-09-22 09:48:16,40.12,20900,40.11,U
sh603301,振德医疗,2025-09-22 09:48:31,40.09,19000,40.03,U
sh603301,振德医疗,2025-09-22 09:48:43,40.09,6000,40.09,D
sh603301,振德医疗,2025-09-22 09:49:25,40.09,8600,40.06,U
sh603301,振德医疗,2025-09-22 09:49:28,40.11,8100,40.09,U
sh603301,振德医疗,2025-09-22 09:49:34,40.1,10100,40.11,D
sh603301,振德医疗,2025-09-22 09:49:37,40.1,7000,40.1,U
sh603301,振德医疗,2025-09-22 09:49:46,40.11,5000,40.1,D
sh603301,振德医疗,2025-09-22 09:49:58,40.1,6100,40.11,D
sh603301,振德医疗,2025-09-22 09:50:01,40.08,5600,40.1,D
sh603301,振德医疗,2025-09-22 09:50:07,40.1,9200,40.07,U
sh603301,振德医疗,2025-09-22 09:50:25,40.1,7600,40.1,U
sh603301,振德医疗,2025-09-22 09:50:43,40.13,7700,40.11,U
sh603301,振德医疗,2025-09-22 09:50:46,40.14,6500,40.13,U
sh603301,振德医疗,2025-09-22 09:51:22,40.2,11100,40.17,U
sh603301,振德医疗,2025-09-22 09:51:25,40.26,22800,40.2,U
sh603301,振德医疗,2025-09-22 09:51:46,40.26,5700,40.24,U
sh603301,振德医疗,2025-09-22 09:52:01,40.25,6800,40.25,D
sh603301,振德医疗,2025-09-22 09:52:31,40.27,8600,40.27,U
sh603301,振德医疗,2025-09-22 09:52:46,40.31,12900,40.29,U
sh603301,振德医疗,2025-09-22 09:53:16,40.31,12400,40.34,D
sh603301,振德医疗,2025-09-22 09:53:22,40.27,6700,40.28,D
sh603301,振德医疗,2025-09-22 09:54:01,40.26,6500,40.3,D
sh603301,振德医疗,2025-09-22 09:54:04,40.31,8600,40.26,U
sh603301,振德医疗,2025-09-22 09:54:07,40.34,12000,40.31,U
sh603301,振德医疗,2025-09-22 09:54:10,40.29,5000,40.34,D
sh603301,振德医疗,2025-09-22 09:54:13,40.29,7000,40.29,U
sh603301,振德医疗,2025-09-22 09:54:28,40.31,5100,40.34,D
sh603301,振德医疗,2025-09-22 09:54:58,40.3,5000,40.34,D
sh603301,振德医疗,2025-09-22 09:55:04,40.27,6200,40.34,D
sh603301,振德医疗,2025-09-22 09:55:13,40.25,5600,40.26,D
sh603301,振德医疗,2025-09-22 09:55:16,40.26,5400,40.25,U
sh603301,振德医疗,2025-09-22 09:55:22,40.26,6200,40.26,D
sh603301,振德医疗,2025-09-22 09:55:40,40.2,12800,40.18,U
sh603301,振德医疗,2025-09-22 09:55:55,40.23,10600,40.2,U
sh603301,振德医疗,2025-09-22 09:55:58,40.23,9400,40.23,D
sh603301,振德医疗,2025-09-22 09:56:01,40.34,5100,40.23,U
sh603301,振德医疗,2025-09-22 09:58:34,40.51,7900,40.52,D
sh603301,振德医疗,2025-09-22 09:59:19,40.42,13200,40.46,D
sh603301,振德医疗,2025-09-22 10:00:31,40.5,18400,40.4,U
sh603301,振德医疗,2025-09-22 10:00:34,40.58,6200,40.5,U
sh603301,振德医疗,2025-09-22 10:00:49,40.6,15200,40.57,U
sh603301,振德医疗,2025-09-22 10:00:58,40.61,6500,40.65,D
sh603301,振德医疗,2025-09-22 10:01:22,40.57,10100,40.63,D
sh603301,振德医疗,2025-09-22 10:01:43,40.5,11100,40.51,D
sh603301,振德医疗,2025-09-22 10:02:46,40.56,13600,40.48,U
sh603301,振德医疗,2025-09-22 10:03:01,40.43,7300,40.52,D
sh603301,振德医疗,2025-09-22 10:03:04,40.49,6800,40.43,U
sh603301,振德医疗,2025-09-22 10:03:25,40.55,7200,40.5,U
sh603301,振德医疗,2025-09-22 10:03:28,40.57,13500,40.55,U
sh603301,振德医疗,2025-09-22 10:04:01,40.51,15000,40.6,D
sh603301,振德医疗,2025-09-22 10:04:37,40.51,5800,40.45,U
sh603301,振德医疗,2025-09-22 10:07:31,40.25,18900,40.36,D
sh603301,振德医疗,2025-09-22 10:07:52,40.41,11200,40.41,D
sh603301,振德医疗,2025-09-22 10:08:01,40.44,5000,40.44,U
sh603301,振德医疗,2025-09-22 10:09:43,40.37,7700,40.4,D
sh603301,振德医疗,2025-09-22 10:10:22,40.44,7800,40.41,U
sh603301,振德医疗,2025-09-22 10:10:46,40.4,15400,40.44,D
sh603301,振德医疗,2025-09-22 10:11:10,40.45,11200,40.43,U
sh603301,振德医疗,2025-09-22 10:11:19,40.5,7800,40.47,U
sh603301,振德医疗,2025-09-22 10:11:28,40.55,8500,40.51,U
sh603301,振德医疗,2025-09-22 10:11:31,40.56,15500,40.55,U
sh603301,振德医疗,2025-09-22 10:11:55,40.54,14900,40.57,D
sh603301,振德医疗,2025-09-22 10:13:04,40.5,15600,40.53,D
sh603301,振德医疗,2025-09-22 10:13:10,40.52,5100,40.49,U
sh603301,振德医疗,2025-09-22 10:17:16,40.5,5900,40.48,U
sh603301,振德医疗,2025-09-22 10:17:37,40.47,7200,40.49,D
sh603301,振德医疗,2025-09-22 10:17:49,40.45,6000,40.47,D
sh603301,振德医疗,2025-09-22 10:18:19,40.44,6700,40.46,U
sh603301,振德医疗,2025-09-22 10:19:55,40.3,6900,40.34,D
sh603301,振德医疗,2025-09-22 10:20:46,40.21,7800,40.23,D
sh603301,振德医疗,2025-09-22 10:21:04,40.29,10400,40.23,U
sh603301,振德医疗,2025-09-22 10:21:16,40.19,12300,40.23,D
sh603301,振德医疗,2025-09-22 10:22:28,40.28,5900,40.28,D
sh603301,振德医疗,2025-09-22 10:22:37,40.28,5000,40.24,U
sh603301,振德医疗,2025-09-22 10:23:34,40.27,14400,40.26,U
sh603301,振德医疗,2025-09-22 10:24:01,40.27,7200,40.29,D
sh603301,振德医疗,2025-09-22 10:24:13,40.26,21300,40.25,U
sh603301,振德医疗,2025-09-22 10:24:31,40.3,5000,40.31,D
sh603301,振德医疗,2025-09-22 10:24:34,40.34,10500,40.3,U
sh603301,振德医疗,2025-09-22 10:24:43,40.39,6400,40.35,U
sh603301,振德医疗,2025-09-22 10:24:55,40.37,10300,40.4,D
sh603301,振德医疗,2025-09-22 10:25:07,40.4,8000,40.35,U
sh603301,振德医疗,2025-09-22 10:25:25,40.36,6500,40.4,D
sh603301,振德医疗,2025-09-22 10:25:34,40.35,10500,40.36,D
sh603301,振德医疗,2025-09-22 10:25:46,40.39,8100,40.35,U
sh603301,振德医疗,2025-09-22 10:26:04,40.46,29000,40.39,U
sh603301,振德医疗,2025-09-22 10:27:28,40.38,8800,40.41,D
sh603301,振德医疗,2025-09-22 10:27:43,40.41,5000,40.38,U
sh603301,振德医疗,2025-09-22 10:27:55,40.38,8600,40.38,D
sh603301,振德医疗,2025-09-22 10:28:22,40.38,8000,40.34,U
sh603301,振德医疗,2025-09-22 10:28:31,40.36,10100,40.34,U
sh603301,振德医疗,2025-09-22 10:28:34,40.4,10400,40.36,U
sh603301,振德医疗,2025-09-22 10:29:10,40.4,10300,40.39,U
sh603301,振德医疗,2025-09-22 10:29:49,40.35,9100,40.36,D
sh603301,振德医疗,2025-09-22 10:30:01,40.35,10700,40.35,D
sh603301,振德医疗,2025-09-22 10:30:25,40.39,9000,40.39,U
sh603301,振德医疗,2025-09-22 10:30:37,40.4,6600,40.4,U
sh603301,振德医疗,2025-09-22 10:30:58,40.37,9800,40.4,D
sh603301,振德医疗,2025-09-22 10:31:25,40.39,10900,40.33,U
sh603301,振德医疗,2025-09-22 10:31:49,40.39,10000,40.38,U
sh603301,振德医疗,2025-09-22 10:31:55,40.45,29200,40.39,U
sh603301,振德医疗,2025-09-22 10:32:01,40.45,8300,40.45,U
sh603301,振德医疗,2025-09-22 10:33:10,40.43,12100,40.44,D
sh603301,振德医疗,2025-09-22 10:33:58,40.42,10000,40.4,U
sh603301,振德医疗,2025-09-22 10:34:04,40.43,17400,40.43,U
sh603301,振德医疗,2025-09-22 10:34:16,40.41,7100,40.43,D
sh603301,振德医疗,2025-09-22 10:34:40,40.47,20100,40.41,U
sh603301,振德医疗,2025-09-22 10:35:55,40.42,11300,40.45,D
sh603301,振德医疗,2025-09-22 10:36:58,40.43,8000,40.4,U
sh603301,振德医疗,2025-09-22 10:37:04,40.45,8800,40.44,U
sh603301,振德医疗,2025-09-22 10:37:07,40.46,12900,40.45,U
sh603301,振德医疗,2025-09-22 10:37:10,40.47,5800,40.46,U
sh603301,振德医疗,2025-09-22 10:37:25,40.5,7700,40.48,U
sh603301,振德医疗,2025-09-22 10:38:49,40.49,7600,40.5,D
sh603301,振德医疗,2025-09-22 10:39:04,40.46,5500,40.49,D
sh603301,振德医疗,2025-09-22 10:39:28,40.48,5800,40.45,U
sh603301,振德医疗,2025-09-22 10:39:40,40.49,8800,40.49,U
sh603301,振德医疗,2025-09-22 10:39:43,40.5,6200,40.49,U
sh603301,振德医疗,2025-09-22 10:40:19,40.5,33900,40.5,U
sh603301,振德医疗,2025-09-22 10:41:55,40.51,6000,40.53,D
sh603301,振德医疗,2025-09-22 10:45:16,40.5,6800,40.5,U
sh603301,振德医疗,2025-09-22 10:45:19,40.51,7400,40.5,U
sh603301,振德医疗,2025-09-22 10:45:46,40.51,5600,40.5,U
sh603301,振德医疗,2025-09-22 10:45:55,40.56,40600,40.52,U
sh603301,振德医疗,2025-09-22 10:45:58,40.56,8400,40.56,U
sh603301,振德医疗,2025-09-22 10:46:01,40.57,10000,40.56,U
sh603301,振德医疗,2025-09-22 10:46:04,40.58,5100,40.57,U
sh603301,振德医疗,2025-09-22 10:46:07,40.61,23700,40.58,U
sh603301,振德医疗,2025-09-22 10:46:10,40.67,27300,40.61,U
sh603301,振德医疗,2025-09-22 10:47:19,40.63,5200,40.66,D
sh603301,振德医疗,2025-09-22 10:47:31,40.69,18300,40.62,U
sh603301,振德医疗,2025-09-22 10:47:40,40.79,8300,40.75,U
sh603301,振德医疗,2025-09-22 10:47:46,40.69,18100,40.79,D
sh603301,振德医疗,2025-09-22 10:48:01,40.68,29500,40.8,D
sh603301,振德医疗,2025-09-22 10:49:55,40.65,18100,40.61,U
sh603301,振德医疗,2025-09-22 10:50:31,40.68,6400,40.68,D
sh603301,振德医疗,2025-09-22 10:50:34,40.73,5300,40.68,U
sh603301,振德医疗,2025-09-22 10:51:28,40.7,5600,40.7,D
sh603301,振德医疗,2025-09-22 10:51:40,40.68,6900,40.68,D
sh603301,振德医疗,2025-09-22 10:53:01,40.58,6800,40.59,D
sh603301,振德医疗,2025-09-22 10:56:19,40.44,10400,40.41,U
sh603301,振德医疗,2025-09-22 10:56:52,40.54,10000,40.46,U
sh603301,振德医疗,2025-09-22 10:57:37,40.53,5000,40.46,U
sh603301,振德医疗,2025-09-22 10:58:01,40.56,5000,40.42,U
sh603301,振德医疗,2025-09-22 10:59:43,40.48,5400,40.45,U
sh603301,振德医疗,2025-09-22 11:00:19,40.54,5500,40.52,U
sh603301,振德医疗,2025-09-22 11:00:43,40.57,9000,40.55,U
sh603301,振德医疗,2025-09-22 11:01:31,40.5,5400,40.52,D
sh603301,振德医疗,2025-09-22 11:01:46,40.49,9600,40.49,U
sh603301,振德医疗,2025-09-22 11:02:34,40.44,5800,40.5,D
sh603301,振德医疗,2025-09-22 11:08:46,40.35,5900,40.36,D
sh603301,振德医疗,2025-09-22 11:08:55,40.37,11100,40.35,U
sh603301,振德医疗,2025-09-22 11:09:37,40.36,5200,40.37,D
sh603301,振德医疗,2025-09-22 11:09:52,40.36,8000,40.35,U
sh603301,振德医疗,2025-09-22 11:10:10,40.36,8000,40.36,U
sh603301,振德医疗,2025-09-22 11:10:31,40.33,7900,40.38,D
sh603301,振德医疗,2025-09-22 11:11:10,40.35,8100,40.35,D
sh603301,振德医疗,2025-09-22 11:11:16,40.35,18000,40.35,U
sh603301,振德医疗,2025-09-22 11:12:13,40.4,7300,40.39,U
sh603301,振德医疗,2025-09-22 11:14:07,40.55,11500,40.46,U
sh603301,振德医疗,2025-09-22 11:15:46,40.53,9900,40.53,D
sh603301,振德医疗,2025-09-22 11:18:40,40.54,5800,40.51,U
sh603301,振德医疗,2025-09-22 11:18:43,40.54,5300,40.54,U
sh603301,振德医疗,2025-09-22 11:18:49,40.55,8300,40.54,U
sh603301,振德医疗,2025-09-22 11:22:01,40.51,6200,40.52,D
sh603301,振德医疗,2025-09-22 11:22:16,40.54,7200,40.56,D
sh603301,振德医疗,2025-09-22 11:26:01,40.56,29900,40.51,U
sh603301,振德医疗,2025-09-22 11:26:04,40.66,32900,40.56,U
sh603301,振德医疗,2025-09-22 11:26:10,40.7,7000,40.67,U
sh603301,振德医疗,2025-09-22 11:26:16,40.73,9000,40.71,U
sh603301,振德医疗,2025-09-22 11:26:19,40.75,9400,40.73,U
sh603301,振德医疗,2025-09-22 11:26:28,40.82,10900,40.77,U
sh603301,振德医疗,2025-09-22 11:26:37,40.82,8300,40.82,U
sh603301,振德医疗,2025-09-22 11:28:28,40.92,11100,40.83,U
sh603301,振德医疗,2025-09-22 11:28:46,40.99,8800,40.99,U
sh603301,振德医疗,2025-09-22 11:28:52,41.0,31940,40.98,U
sh603301,振德医疗,2025-09-22 11:29:01,41.02,5500,41.09,D
sh603301,振德医疗,2025-09-22 11:29:19,40.97,22560,41.02,D
sh603301,振德医疗,2025-09-22 11:29:22,41.02,4900,40.97,U
sh603301,振德医疗,2025-09-22 11:29:28,40.99,13800,40.83,E
sh603301,振德医疗,2025-09-22 13:00:04,40.85,6800,40.95,D
sh603301,振德医疗,2025-09-22 13:00:07,41.0,13800,40.85,U
sh603301,振德医疗,2025-09-22 13:00:10,40.93,6200,41.0,E
sh603301,振德医疗,2025-09-22 13:01:25,40.61,6500,40.64,D
sh603301,振德医疗,2025-09-22 13:02:01,40.5,17800,40.56,D
sh603301,振德医疗,2025-09-22 13:02:19,40.44,63800,40.38,U
sh603301,振德医疗,2025-09-22 13:02:43,40.51,12800,40.44,U
sh603301,振德医疗,2025-09-22 13:03:16,40.45,14200,40.47,D
sh603301,振德医疗,2025-09-22 13:03:52,40.4,6400,40.42,D
sh603301,振德医疗,2025-09-22 13:03:58,40.3,13900,40.38,D
sh603301,振德医疗,2025-09-22 13:04:04,40.35,9100,40.3,U
sh603301,振德医疗,2025-09-22 13:04:10,40.26,14400,40.3,D
sh603301,振德医疗,2025-09-22 13:04:22,40.2,6300,40.21,D
sh603301,振德医疗,2025-09-22 13:04:25,40.15,8600,40.2,D
sh603301,振德医疗,2025-09-22 13:04:28,40.26,60000,40.15,U
sh603301,振德医疗,2025-09-22 13:04:31,40.26,13400,40.26,E
sh603301,振德医疗,2025-09-22 13:04:37,40.22,27800,40.25,D
sh603301,振德医疗,2025-09-22 13:04:52,40.25,26200,40.22,U
sh603301,振德医疗,2025-09-22 13:05:22,40.34,16400,40.32,U
sh603301,振德医疗,2025-09-22 13:05:28,40.35,9100,40.34,U
sh603301,振德医疗,2025-09-22 13:05:31,40.38,7000,40.35,U
sh603301,振德医疗,2025-09-22 13:05:49,40.26,7200,40.3,D
sh603301,振德医疗,2025-09-22 13:06:10,40.34,5600,40.3,U
sh603301,振德医疗,2025-09-22 13:06:13,40.3,6500,40.34,D
sh603301,振德医疗,2025-09-22 13:07:25,40.48,42000,40.47,U
sh603301,振德医疗,2025-09-22 13:07:46,40.53,8000,40.49,U
sh603301,振德医疗,2025-09-22 13:08:16,40.44,5400,40.44,D
sh603301,振德医疗,2025-09-22 13:08:52,40.58,13100,40.53,U
sh603301,振德医疗,2025-09-22 13:10:43,40.55,8000,40.55,D
sh603301,振德医疗,2025-09-22 13:10:49,40.53,6400,40.55,E
sh603301,振德医疗,2025-09-22 13:11:43,40.49,6500,40.44,U
sh603301,振德医疗,2025-09-22 13:12:49,40.49,5500,40.48,U
sh603301,振德医疗,2025-09-22 13:13:40,40.5,5700,40.46,U
sh603301,振德医疗,2025-09-22 13:14:19,40.43,7600,40.46,D
sh603301,振德医疗,2025-09-22 13:15:46,40.36,12500,40.38,D
sh603301,振德医疗,2025-09-22 13:16:01,40.41,9100,40.44,D
sh603301,振德医疗,2025-09-22 13:17:19,40.45,10000,40.39,U
sh603301,振德医疗,2025-09-22 13:17:28,40.45,8100,40.39,U
sh603301,振德医疗,2025-09-22 13:19:13,40.52,9500,40.51,U
sh603301,振德医疗,2025-09-22 13:19:34,40.54,9700,40.53,U
sh603301,振德医疗,2025-09-22 13:19:52,40.55,25700,40.53,U
sh603301,振德医疗,2025-09-22 13:19:55,40.55,5400,40.55,U
sh603301,振德医疗,2025-09-22 13:19:58,40.51,14600,40.55,D
sh603301,振德医疗,2025-09-22 13:20:04,40.7,6800,40.55,U
sh603301,振德医疗,2025-09-22 13:20:22,40.69,5000,40.68,U
sh603301,振德医疗,2025-09-22 13:20:25,40.69,20000,40.69,U
sh603301,振德医疗,2025-09-22 13:20:34,40.76,39000,40.63,U
sh603301,振德医疗,2025-09-22 13:20:43,40.65,23400,40.72,D
sh603301,振德医疗,2025-09-22 13:20:58,40.75,13000,40.75,D
sh603301,振德医疗,2025-09-22 13:21:01,40.75,5900,40.75,U
sh603301,振德医疗,2025-09-22 13:21:04,40.75,10200,40.75,U
sh603301,振德医疗,2025-09-22 13:21:19,40.65,12000,40.63,U
sh603301,振德医疗,2025-09-22 13:21:37,40.67,10000,40.65,U
sh603301,振德医疗,2025-09-22 13:21:46,40.68,10100,40.65,U
sh603301,振德医疗,2025-09-22 13:21:52,40.58,7200,40.68,D
sh603301,振德医疗,2025-09-22 13:22:01,40.62,12700,40.58,E
sh603301,振德医疗,2025-09-22 13:22:04,40.64,7100,40.62,U
sh603301,振德医疗,2025-09-22 13:22:10,40.65,18000,40.64,U
sh603301,振德医疗,2025-09-22 13:22:31,40.68,10000,40.68,U
sh603301,振德医疗,2025-09-22 13:22:43,40.69,12700,40.68,U
sh603301,振德医疗,2025-09-22 13:22:52,40.7,10300,40.68,U
sh603301,振德医疗,2025-09-22 13:23:04,40.73,6500,40.68,U
sh603301,振德医疗,2025-09-22 13:23:13,40.72,16500,40.73,D
sh603301,振德医疗,2025-09-22 13:23:25,40.72,10400,40.72,U
sh603301,振德医疗,2025-09-22 13:23:46,40.72,10200,40.71,U
sh603301,振德医疗,2025-09-22 13:23:55,40.72,10700,40.71,U
sh603301,振德医疗,2025-09-22 13:24:04,40.7,5700,40.7,U
sh603301,振德医疗,2025-09-22 13:24:07,40.7,10400,40.7,E
sh603301,振德医疗,2025-09-22 13:24:16,40.7,6600,40.7,U
sh603301,振德医疗,2025-09-22 13:24:37,40.69,6500,40.71,D
sh603301,振德医疗,2025-09-22 13:24:40,40.66,5400,40.69,D
sh603301,振德医疗,2025-09-22 13:24:52,40.66,5500,40.66,D
sh603301,振德医疗,2025-09-22 13:25:01,40.66,9500,40.64,U
sh603301,振德医疗,2025-09-22 13:25:52,40.61,10200,40.63,D
sh603301,振德医疗,2025-09-22 13:25:58,40.65,7100,40.61,U
sh603301,振德医疗,2025-09-22 13:26:19,40.7,12000,40.66,U
sh603301,振德医疗,2025-09-22 13:26:31,40.72,10700,40.71,U
sh603301,振德医疗,2025-09-22 13:27:01,40.77,56700,40.71,U
sh603301,振德医疗,2025-09-22 13:27:58,40.76,8100,40.8,D
sh603301,振德医疗,2025-09-22 13:29:07,40.76,5200,40.75,U
sh603301,振德医疗,2025-09-22 13:29:34,40.75,5900,40.74,U
sh603301,振德医疗,2025-09-22 13:29:46,40.75,13200,40.71,U
sh603301,振德医疗,2025-09-22 13:30:28,40.72,7500,40.68,U
sh603301,振德医疗,2025-09-22 13:30:58,40.7,8600,40.71,D
sh603301,振德医疗,2025-09-22 13:31:01,40.67,23000,40.7,D
sh603301,振德医疗,2025-09-22 13:31:49,40.73,6600,40.71,U
sh603301,振德医疗,2025-09-22 13:33:01,40.73,9800,40.73,D
sh603301,振德医疗,2025-09-22 13:34:10,40.65,9400,40.67,D
sh603301,振德医疗,2025-09-22 13:36:22,40.58,7200,40.62,D
sh603301,振德医疗,2025-09-22 13:38:22,40.63,6200,40.56,E
sh603301,振德医疗,2025-09-22 13:38:31,40.63,5400,40.59,U
sh603301,振德医疗,2025-09-22 13:39:13,40.7,7100,40.61,U
sh603301,振德医疗,2025-09-22 13:39:31,40.68,12700,40.69,E
sh603301,振德医疗,2025-09-22 13:39:55,40.48,12600,40.64,D
sh603301,振德医疗,2025-09-22 13:40:37,40.32,29300,40.61,D
sh603301,振德医疗,2025-09-22 13:50:07,40.76,12800,40.77,D
sh603301,振德医疗,2025-09-22 13:51:43,40.88,5100,40.9,D
sh603301,振德医疗,2025-09-22 13:51:49,40.88,5900,40.88,U
sh603301,振德医疗,2025-09-22 13:53:40,40.78,5000,40.71,U
sh603301,振德医疗,2025-09-22 13:58:49,40.7,7800,40.71,D
sh603301,振德医疗,2025-09-22 13:58:52,40.69,5800,40.7,D
sh603301,振德医疗,2025-09-22 13:59:10,40.67,8100,40.68,D
sh603301,振德医疗,2025-09-22 13:59:16,40.61,14500,40.67,D
sh603301,振德医疗,2025-09-22 14:00:16,40.7,16700,40.63,U
sh603301,振德医疗,2025-09-22 14:01:13,40.7,12900,40.7,D
sh603301,振德医疗,2025-09-22 14:01:16,40.71,7500,40.7,U
sh603301,振德医疗,2025-09-22 14:01:31,40.7,47200,40.7,U
sh603301,振德医疗,2025-09-22 14:01:34,40.91,9200,40.7,E
sh603301,振德医疗,2025-09-22 14:05:13,40.71,5100,40.7,U
sh603301,振德医疗,2025-09-22 14:11:49,40.8,6800,40.8,D
sh603301,振德医疗,2025-09-22 14:12:10,40.81,11000,40.77,U
sh603301,振德医疗,2025-09-22 14:13:13,40.66,43100,40.73,D
sh603301,振德医疗,2025-09-22 14:14:46,40.63,33900,40.66,D
sh603301,振德医疗,2025-09-22 14:15:16,40.6,7000,40.6,D
sh603301,振德医疗,2025-09-22 14:15:37,40.59,13900,40.6,D
sh603301,振德医疗,2025-09-22 14:17:46,40.58,11100,40.57,U
sh603301,振德医疗,2025-09-22 14:18:55,40.6,9200,40.6,U
sh603301,振德医疗,2025-09-22 14:19:52,40.61,5000,40.61,U
sh603301,振德医疗,2025-09-22 14:20:10,40.62,16000,40.61,U
sh603301,振德医疗,2025-09-22 14:20:13,40.63,9500,40.62,U
sh603301,振德医疗,2025-09-22 14:20:55,40.67,7400,40.65,U
sh603301,振德医疗,2025-09-22 14:22:52,40.6,9300,40.59,U
sh603301,振德医疗,2025-09-22 14:24:58,40.57,12700,40.59,D
sh603301,振德医疗,2025-09-22 14:25:04,40.55,6300,40.55,D
sh603301,振德医疗,2025-09-22 14:25:07,40.53,14700,40.55,D
sh603301,振德医疗,2025-09-22 14:25:13,40.53,8400,40.53,D
sh603301,振德医疗,2025-09-22 14:25:19,40.53,6800,40.54,D
sh603301,振德医疗,2025-09-22 14:26:31,40.51,21100,40.53,D
sh603301,振德医疗,2025-09-22 14:26:34,40.51,6800,40.51,D
sh603301,振德医疗,2025-09-22 14:26:40,40.51,8700,40.5,U
sh603301,振德医疗,2025-09-22 14:29:22,40.49,48600,40.53,D
sh603301,振德医疗,2025-09-22 14:29:25,40.46,11100,40.49,D
sh603301,振德医疗,2025-09-22 14:29:43,40.38,5500,40.4,D
sh603301,振德医疗,2025-09-22 14:29:55,40.41,11000,40.4,U
sh603301,振德医疗,2025-09-22 14:30:04,40.43,54600,40.41,U
sh603301,振德医疗,2025-09-22 14:31:07,40.53,10900,40.52,U
sh603301,振德医疗,2025-09-22 14:31:52,40.53,12800,40.54,D
sh603301,振德医疗,2025-09-22 14:32:22,40.6,12300,40.6,U
sh603301,振德医疗,2025-09-22 14:33:04,40.59,5000,40.58,U
sh603301,振德医疗,2025-09-22 14:33:19,40.58,5600,40.6,D
sh603301,振德医疗,2025-09-22 14:34:49,40.59,10100,40.57,U
sh603301,振德医疗,2025-09-22 14:35:43,40.62,8500,40.61,U
sh603301,振德医疗,2025-09-22 14:35:52,40.62,7300,40.62,U
sh603301,振德医疗,2025-09-22 14:36:04,40.63,6100,40.62,U
sh603301,振德医疗,2025-09-22 14:36:58,40.57,17800,40.58,D
sh603301,振德医疗,2025-09-22 14:37:10,40.53,23500,40.55,D
sh603301,振德医疗,2025-09-22 14:40:37,40.5,7300,40.5,D
sh603301,振德医疗,2025-09-22 14:41:07,40.48,6500,40.49,D
sh603301,振德医疗,2025-09-22 14:42:04,40.52,5500,40.52,U
sh603301,振德医疗,2025-09-22 14:42:07,40.53,11000,40.52,U
sh603301,振德医疗,2025-09-22 14:42:16,40.51,10700,40.52,D
sh603301,振德医疗,2025-09-22 14:42:31,40.56,8000,40.56,D
sh603301,振德医疗,2025-09-22 14:42:37,40.57,8400,40.56,U
sh603301,振德医疗,2025-09-22 14:42:46,40.59,6900,40.58,U
sh603301,振德医疗,2025-09-22 14:42:52,40.62,23400,40.59,U
sh603301,振德医疗,2025-09-22 14:42:55,40.6,5300,40.62,D
sh603301,振德医疗,2025-09-22 14:42:58,40.63,6100,40.6,U
sh603301,振德医疗,2025-09-22 14:43:04,40.63,8200,40.62,U
sh603301,振德医疗,2025-09-22 14:43:07,40.62,5800,40.63,D
sh603301,振德医疗,2025-09-22 14:43:10,40.61,40100,40.62,D
sh603301,振德医疗,2025-09-22 14:43:13,40.62,5600,40.61,E
sh603301,振德医疗,2025-09-22 14:43:16,40.69,54200,40.62,U
sh603301,振德医疗,2025-09-22 14:43:22,40.64,15900,40.7,D
sh603301,振德医疗,2025-09-22 14:43:31,40.7,9500,40.7,U
sh603301,振德医疗,2025-09-22 14:43:43,40.7,8600,40.71,D
sh603301,振德医疗,2025-09-22 14:43:52,40.74,30300,40.7,U
sh603301,振德医疗,2025-09-22 14:44:04,40.77,87900,40.77,U
sh603301,振德医疗,2025-09-22 14:44:10,40.74,18400,40.74,U
sh603301,振德医疗,2025-09-22 14:44:13,40.73,8700,40.74,D
sh603301,振德医疗,2025-09-22 14:44:25,40.77,7300,40.74,U
sh603301,振德医疗,2025-09-22 14:44:34,40.8,15600,40.77,U
sh603301,振德医疗,2025-09-22 14:44:40,40.8,8600,40.77,U
sh603301,振德医疗,2025-09-22 14:45:07,40.89,10200,40.89,D
sh603301,振德医疗,2025-09-22 14:45:13,40.85,9400,40.86,D
sh603301,振德医疗,2025-09-22 14:45:16,40.86,5000,40.85,U
sh603301,振德医疗,2025-09-22 14:45:25,40.83,14500,40.83,U
sh603301,振德医疗,2025-09-22 14:45:43,40.85,7700,40.83,U
sh603301,振德医疗,2025-09-22 14:46:01,40.82,5500,40.84,D
sh603301,振德医疗,2025-09-22 14:46:07,40.8,12100,40.82,D
sh603301,振德医疗,2025-09-22 14:46:13,40.83,42100,40.81,U
sh603301,振德医疗,2025-09-22 14:46:40,40.9,27200,40.87,U
sh603301,振德医疗,2025-09-22 14:46:52,40.93,10200,40.93,U
sh603301,振德医疗,2025-09-22 14:47:01,40.94,7100,40.94,U
sh603301,振德医疗,2025-09-22 14:47:19,40.91,5500,40.92,U
sh603301,振德医疗,2025-09-22 14:47:40,40.9,19300,40.88,U
sh603301,振德医疗,2025-09-22 14:48:49,40.83,14800,40.86,D
sh603301,振德医疗,2025-09-22 14:49:46,40.73,15000,40.8,D
sh603301,振德医疗,2025-09-22 14:49:49,40.73,5800,40.73,D
sh603301,振德医疗,2025-09-22 14:49:58,40.78,5100,40.76,U
sh603301,振德医疗,2025-09-22 14:50:04,40.77,12400,40.77,D
sh603301,振德医疗,2025-09-22 14:50:07,40.77,7200,40.77,D
sh603301,振德医疗,2025-09-22 14:50:10,40.78,8200,40.77,E
sh603301,振德医疗,2025-09-22 14:50:22,40.8,35900,40.75,U
sh603301,振德医疗,2025-09-22 14:50:40,40.8,13400,40.78,U
sh603301,振德医疗,2025-09-22 14:50:55,40.8,7100,40.8,U
sh603301,振德医疗,2025-09-22 14:51:04,40.88,23220,40.79,U
sh603301,振德医疗,2025-09-22 14:51:19,40.84,5000,40.84,U
sh603301,振德医疗,2025-09-22 14:51:22,40.79,7400,40.84,D
sh603301,振德医疗,2025-09-22 14:51:28,40.84,10400,40.78,U
sh603301,振德医疗,2025-09-22 14:51:58,40.8,47200,40.8,D
sh603301,振德医疗,2025-09-22 14:52:04,40.96,7400,40.85,U
sh603301,振德医疗,2025-09-22 14:52:19,40.89,5400,40.9,D
sh603301,振德医疗,2025-09-22 14:52:34,40.99,100100,40.96,U
sh603301,振德医疗,2025-09-22 14:52:37,40.99,8900,40.99,U
sh603301,振德医疗,2025-09-22 14:52:40,41.0,10300,40.99,U
sh603301,振德医疗,2025-09-22 14:52:43,41.0,5600,41.0,U
sh603301,振德医疗,2025-09-22 14:52:46,41.0,5600,41.0,U
sh603301,振德医疗,2025-09-22 14:52:52,41.0,22868,41.0,U
sh603301,振德医疗,2025-09-22 14:53:10,41.06,13400,41.05,U
sh603301,振德医疗,2025-09-22 14:53:16,41.1,9000,41.06,U
sh603301,振德医疗,2025-09-22 14:53:25,41.12,9900,41.11,U
sh603301,振德医疗,2025-09-22 14:53:31,41.08,6300,41.12,D
sh603301,振德医疗,2025-09-22 14:53:34,41.06,9200,41.08,D
sh603301,振德医疗,2025-09-22 14:53:37,41.07,36700,41.06,U
sh603301,振德医疗,2025-09-22 14:53:43,41.07,14600,41.06,U
sh603301,振德医疗,2025-09-22 14:53:49,41.07,10700,41.06,U
sh603301,振德医疗,2025-09-22 14:53:55,41.05,18100,41.05,D
sh603301,振德医疗,2025-09-22 14:54:04,41.02,9800,41.01,E
sh603301,振德医疗,2025-09-22 14:54:07,40.99,7932,41.02,D
sh603301,振德医疗,2025-09-22 14:54:10,40.98,11500,40.99,D
sh603301,振德医疗,2025-09-22 14:54:19,40.96,13000,40.93,U
sh603301,振德医疗,2025-09-22 14:54:28,40.97,11200,40.97,E
sh603301,振德医疗,2025-09-22 14:54:37,40.99,16200,40.98,U
sh603301,振德医疗,2025-09-22 14:54:49,41.0,10568,40.99,U
sh603301,振德医疗,2025-09-22 14:55:07,41.03,7400,41.01,U
sh603301,振德医疗,2025-09-22 14:55:22,41.01,8000,41.03,D
sh603301,振德医疗,2025-09-22 14:55:25,41.01,18100,41.01,U
sh603301,振德医疗,2025-09-22 14:55:28,41.01,11832,41.01,U
sh603301,振德医疗,2025-09-22 14:55:31,41.02,31800,41.01,U
sh603301,振德医疗,2025-09-22 14:55:37,41.04,5400,41.04,U
sh603301,振德医疗,2025-09-22 14:55:52,41.1,5500,41.09,U
sh603301,振德医疗,2025-09-22 14:55:55,41.09,14600,41.1,D
sh603301,振德医疗,2025-09-22 14:55:58,41.09,11800,41.09,D
sh603301,振德医疗,2025-09-22 14:56:01,41.07,9400,41.09,D
sh603301,振德医疗,2025-09-22 14:56:04,41.06,22900,41.07,D
sh603301,振德医疗,2025-09-22 14:56:07,41.03,17432,41.06,D
sh603301,振德医疗,2025-09-22 14:56:13,41.07,5068,41.04,U
sh603301,振德医疗,2025-09-22 14:56:19,41.06,5000,41.06,U
sh603301,振德医疗,2025-09-22 14:56:22,41.07,13800,41.06,U
sh603301,振德医疗,2025-09-22 14:56:28,41.08,22600,41.08,U
sh603301,振德医疗,2025-09-22 14:56:31,41.08,7100,41.08,D
sh603301,振德医疗,2025-09-22 14:56:34,41.07,12500,41.08,D
sh603301,振德医疗,2025-09-22 14:56:40,41.03,9600,41.06,D
sh603301,振德医疗,2025-09-22 14:56:46,41.01,13900,41.03,D
sh603301,振德医疗,2025-09-22 14:56:49,41.0,8100,41.01,D
sh603301,振德医疗,2025-09-22 14:56:52,41.0,5800,41.0,U
sh603301,振德医疗,2025-09-22 14:56:58,41.0,12200,41.0,D
sh603301,振德医疗,2025-09-22 14:57:01,41.08,10500,41.0,U
sh603301,振德医疗,2025-09-22 15:00:01,41.11,150400,41.08,U
