symbol,name,ticktime,price,volume,prev_price,kind
sh603301,振德医疗,2025-09-24 09:25:03,40.43,64700,0.0,U
sh603301,振德医疗,2025-09-24 09:30:07,40.47,28900,40.2,U
sh603301,振德医疗,2025-09-24 09:30:10,40.47,11300,40.47,D
sh603301,振德医疗,2025-09-24 09:30:13,40.47,20000,40.47,D
sh603301,振德医疗,2025-09-24 09:30:16,40.47,6400,40.47,D
sh603301,振德医疗,2025-09-24 09:30:19,40.23,27000,40.47,D
sh603301,振德医疗,2025-09-24 09:30:22,40.52,30500,40.23,U
sh603301,振德医疗,2025-09-24 09:30:25,40.52,18400,40.52,D
sh603301,振德医疗,2025-09-24 09:30:28,40.3,7600,40.52,D
sh603301,振德医疗,2025-09-24 09:30:31,40.3,13100,40.3,U
sh603301,振德医疗,2025-09-24 09:30:34,40.39,9200,40.3,U
sh603301,振德医疗,2025-09-24 09:30:37,40.3,8000,40.39,E
sh603301,振德医疗,2025-09-24 09:30:40,40.3,21600,40.3,U
sh603301,振德医疗,2025-09-24 09:30:46,40.3,9200,40.38,D
sh603301,振德医疗,2025-09-24 09:30:49,40.4,28500,40.3,E
sh603301,振德医疗,2025-09-24 09:30:52,40.47,12300,40.4,U
sh603301,振德医疗,2025-09-24 09:30:55,40.47,10400,40.47,U
sh603301,振德医疗,2025-09-24 09:30:58,40.47,5600,40.47,U
sh603301,振德医疗,2025-09-24 09:31:04,40.5,15700,40.47,U
sh603301,振德医疗,2025-09-24 09:31:07,40.55,5800,40.5,U
sh603301,振德医疗,2025-09-24 09:31:22,40.53,7300,40.56,D
sh603301,振德医疗,2025-09-24 09:31:28,40.47,12400,40.47,D
sh603301,振德医疗,2025-09-24 09:31:31,40.45,5200,40.47,E
sh603301,振德医疗,2025-09-24 09:31:40,40.29,16400,40.3,D
sh603301,振德医疗,2025-09-24 09:31:46,40.21,5300,40.24,E
sh603301,振德医疗,2025-09-24 09:31:49,40.2,6500,40.21,D
sh603301,振德医疗,2025-09-24 09:31:55,40.11,6000,40.11,D
sh603301,振德医疗,2025-09-24 09:32:04,40.19,13200,40.1,U
sh603301,振德医疗,2025-09-24 09:32:07,40.19,10800,40.19,D
sh603301,振德医疗,2025-09-24 09:32:10,40.21,5700,40.19,U
sh603301,振德医疗,2025-09-24 09:32:19,40.19,9900,40.22,D
sh603301,振德医疗,2025-09-24 09:32:31,40.05,7800,40.1,E
sh603301,振德医疗,2025-09-24 09:32:37,40.04,10500,40.05,D
sh603301,振德医疗,2025-09-24 09:32:40,40.04,5900,40.04,D
sh603301,振德医疗,2025-09-24 09:32:43,39.86,61400,40.04,D
sh603301,振德医疗,2025-09-24 09:32:55,40.2,48100,39.86,U
sh603301,振德医疗,2025-09-24 09:32:58,40.22,21000,40.2,D
sh603301,振德医疗,2025-09-24 09:33:01,40.38,7000,40.22,U
sh603301,振德医疗,2025-09-24 09:33:04,40.24,34400,40.38,D
sh603301,振德医疗,2025-09-24 09:33:07,40.27,5600,40.24,D
sh603301,振德医疗,2025-09-24 09:33:16,40.23,6600,40.23,D
sh603301,振德医疗,2025-09-24 09:33:25,40.39,8900,40.39,U
sh603301,振德医疗,2025-09-24 09:33:55,40.23,7500,40.3,D
sh603301,振德医疗,2025-09-24 09:33:58,40.22,32800,40.23,E
sh603301,振德医疗,2025-09-24 09:34:07,40.3,17800,40.25,U
sh603301,振德医疗,2025-09-24 09:34:10,40.35,5000,40.3,U
sh603301,振德医疗,2025-09-24 09:34:37,40.4,11100,40.25,U
sh603301,振德医疗,2025-09-24 09:34:40,40.45,8900,40.4,U
sh603301,振德医疗,2025-09-24 09:34:58,40.5,10400,40.36,U
sh603301,振德医疗,2025-09-24 09:35:01,40.5,5000,40.5,D
sh603301,振德医疗,2025-09-24 09:35:13,40.6,5000,40.56,U
sh603301,振德医疗,2025-09-24 09:35:34,40.59,17800,40.56,E
sh603301,振德医疗,2025-09-24 09:36:04,40.59,24900,40.51,U
sh603301,振德医疗,2025-09-24 09:36:07,40.62,31300,40.59,U
sh603301,振德医疗,2025-09-24 09:36:10,40.66,6900,40.62,U
sh603301,振德医疗,2025-09-24 09:36:13,40.71,6600,40.66,U
sh603301,振德医疗,2025-09-24 09:36:25,40.75,7300,40.75,U
sh603301,振德医疗,2025-09-24 09:36:31,40.8,15000,40.79,U
sh603301,振德医疗,2025-09-24 09:36:34,40.8,7600,40.8,U
sh603301,振德医疗,2025-09-24 09:36:55,40.66,7700,40.87,D
sh603301,振德医疗,2025-09-24 09:36:58,41.0,30900,40.66,U
sh603301,振德医疗,2025-09-24 09:37:01,40.87,10100,41.0,E
sh603301,振德医疗,2025-09-24 09:37:10,40.9,6600,40.87,U
sh603301,振德医疗,2025-09-24 09:37:43,40.89,6800,40.83,U
sh603301,振德医疗,2025-09-24 09:37:52,40.86,15600,40.88,D
sh603301,振德医疗,2025-09-24 09:38:13,40.65,9300,40.78,D
sh603301,振德医疗,2025-09-24 09:38:16,40.76,5100,40.65,U
sh603301,振德医疗,2025-09-24 09:38:40,40.76,38300,40.73,U
sh603301,振德医疗,2025-09-24 09:38:43,40.78,6900,40.76,U
sh603301,振德医疗,2025-09-24 09:39:04,41.0,25100,40.9,U
sh603301,振德医疗,2025-09-24 09:39:07,40.95,30400,41.0,D
sh603301,振德医疗,2025-09-24 09:39:16,40.91,6200,40.93,D
sh603301,振德医疗,2025-09-24 09:39:19,40.78,15400,40.91,D
sh603301,振德医疗,2025-09-24 09:39:33,40.76,11500,40.79,D
sh603301,振德医疗,2025-09-24 09:40:04,40.7,5400,40.7,U
sh603301,振德医疗,2025-09-24 09:40:22,40.64,5300,40.65,D
sh603301,振德医疗,2025-09-24 09:40:31,40.57,49800,40.63,D
sh603301,振德医疗,2025-09-24 09:40:34,40.6,27700,40.57,U
sh603301,振德医疗,2025-09-24 09:40:58,40.65,22600,40.6,U
sh603301,振德医疗,2025-09-24 09:41:04,40.63,8600,40.63,D
sh603301,振德医疗,2025-09-24 09:41:13,40.72,11100,40.66,U
sh603301,振德医疗,2025-09-24 09:41:25,40.78,9900,40.77,U
sh603301,振德医疗,2025-09-24 09:41:52,40.67,30900,40.79,D
sh603301,振德医疗,2025-09-24 09:42:01,40.77,12900,40.67,U
sh603301,振德医疗,2025-09-24 09:42:04,40.85,17400,40.77,U
sh603301,振德医疗,2025-09-24 09:42:28,40.9,7700,40.9,D
sh603301,振德医疗,2025-09-24 09:42:34,40.93,9100,40.93,U
sh603301,振德医疗,2025-09-24 09:42:46,40.88,14200,40.94,D
sh603301,振德医疗,2025-09-24 09:42:55,40.86,5000,40.87,D
sh603301,振德医疗,2025-09-24 09:42:58,40.85,7500,40.86,D
sh603301,振德医疗,2025-09-24 09:43:16,40.83,10900,40.8,U
sh603301,振德医疗,2025-09-24 09:43:22,40.78,5900,40.8,D
sh603301,振德医疗,2025-09-24 09:43:34,40.74,6100,40.74,D
sh603301,振德医疗,2025-09-24 09:43:40,40.71,6800,40.73,D
sh603301,振德医疗,2025-09-24 09:44:19,40.77,7100,40.7,U
sh603301,振德医疗,2025-09-24 09:44:25,40.84,12400,40.77,U
sh603301,振德医疗,2025-09-24 09:44:40,40.89,5000,40.83,U
sh603301,振德医疗,2025-09-24 09:45:01,41.05,85200,40.9,U
sh603301,振德医疗,2025-09-24 09:45:07,41.08,8400,41.08,D
sh603301,振德医疗,2025-09-24 09:45:10,41.13,6100,41.08,U
sh603301,振德医疗,2025-09-24 09:45:13,41.18,12700,41.13,U
sh603301,振德医疗,2025-09-24 09:45:16,41.3,18700,41.18,U
sh603301,振德医疗,2025-09-24 09:45:22,41.25,6500,41.29,D
sh603301,振德医疗,2025-09-24 09:45:28,41.25,11800,41.29,D
sh603301,振德医疗,2025-09-24 09:45:31,41.26,11000,41.25,U
sh603301,振德医疗,2025-09-24 09:45:34,41.27,13600,41.26,E
sh603301,振德医疗,2025-09-24 09:45:36,41.26,18200,41.27,D
sh603301,振德医疗,2025-09-24 09:45:40,41.36,29046,41.26,U
sh603301,振德医疗,2025-09-24 09:45:43,41.38,10300,41.36,U
sh603301,振德医疗,2025-09-24 09:45:46,41.3,31500,41.38,D
sh603301,振德医疗,2025-09-24 09:45:49,41.37,12800,41.3,U
sh603301,振德医疗,2025-09-24 09:45:55,41.35,13100,41.33,U
sh603301,振德医疗,2025-09-24 09:46:04,41.32,13900,41.34,D
sh603301,振德医疗,2025-09-24 09:46:07,41.29,15300,41.32,D
sh603301,振德医疗,2025-09-24 09:46:16,41.26,11900,41.29,D
sh603301,振德医疗,2025-09-24 09:46:19,41.19,17800,41.26,D
sh603301,振德医疗,2025-09-24 09:46:31,41.23,8100,41.19,U
sh603301,振德医疗,2025-09-24 09:46:43,41.2,9400,41.21,D
sh603301,振德医疗,2025-09-24 09:46:52,41.12,12900,41.2,D
sh603301,振德医疗,2025-09-24 09:47:28,41.23,5700,41.21,D
sh603301,振德医疗,2025-09-24 09:47:34,41.2,9800,41.24,D
sh603301,振德医疗,2025-09-24 09:47:37,41.21,6000,41.2,U
sh603301,振德医疗,2025-09-24 09:47:49,41.21,5300,41.2,E
sh603301,振德医疗,2025-09-24 09:48:04,41.2,19200,41.21,D
sh603301,振德医疗,2025-09-24 09:48:07,41.21,14400,41.2,U
sh603301,振德医疗,2025-09-24 09:48:49,41.09,7200,41.13,D
sh603301,振德医疗,2025-09-24 09:49:16,40.95,9300,40.95,D
sh603301,振德医疗,2025-09-24 09:49:22,40.91,6400,40.9,U
sh603301,振德医疗,2025-09-24 09:49:40,40.9,10100,40.9,U
sh603301,振德医疗,2025-09-24 09:50:19,40.85,11000,40.78,U
sh603301,振德医疗,2025-09-24 09:50:43,40.97,5200,40.98,D
sh603301,振德医疗,2025-09-24 09:50:46,40.98,6900,40.97,U
sh603301,振德医疗,2025-09-24 09:50:49,41.07,25800,40.98,U
sh603301,振德医疗,2025-09-24 09:50:58,41.09,7600,41.06,U
sh603301,振德医疗,2025-09-24 09:51:07,41.09,29340,41.1,D
sh603301,振德医疗,2025-09-24 09:51:10,41.17,19300,41.09,U
sh603301,振德医疗,2025-09-24 09:51:16,41.26,16300,41.16,U
sh603301,振德医疗,2025-09-24 09:51:25,41.25,9200,41.27,D
sh603301,振德医疗,2025-09-24 09:51:49,41.1,6700,41.1,U
sh603301,振德医疗,2025-09-24 09:51:55,41.2,13500,41.09,U
sh603301,振德医疗,2025-09-24 09:52:19,41.09,6100,41.16,D
sh603301,振德医疗,2025-09-24 09:52:31,41.1,7500,41.07,U
sh603301,振德医疗,2025-09-24 09:52:33,41.09,7200,41.1,D
sh603301,振德医疗,2025-09-24 09:52:49,41.07,6100,41.07,D
sh603301,振德医疗,2025-09-24 09:53:04,41.02,10700,41.03,D
sh603301,振德医疗,2025-09-24 09:53:25,41.0,30400,41.0,D
sh603301,振德医疗,2025-09-24 09:54:04,40.98,14500,40.96,U
sh603301,振德医疗,2025-09-24 09:54:13,40.95,4900,40.98,D
sh603301,振德医疗,2025-09-24 09:54:36,40.91,7100,40.9,U
sh603301,振德医疗,2025-09-24 09:55:55,40.84,36600,40.83,U
sh603301,振德医疗,2025-09-24 09:56:07,40.84,9500,40.84,D
sh603301,振德医疗,2025-09-24 09:56:16,40.82,6500,40.83,D
sh603301,振德医疗,2025-09-24 09:56:19,40.8,6200,40.82,D
sh603301,振德医疗,2025-09-24 09:56:34,40.8,12300,40.8,D
sh603301,振德医疗,2025-09-24 09:56:43,40.85,16800,40.8,U
sh603301,振德医疗,2025-09-24 09:56:46,40.89,16300,40.85,U
sh603301,振德医疗,2025-09-24 09:56:55,40.95,19400,40.94,U
sh603301,振德医疗,2025-09-24 09:57:33,40.98,7800,41.0,D
sh603301,振德医疗,2025-09-24 09:58:55,40.94,11100,40.94,U
sh603301,振德医疗,2025-09-24 09:59:28,40.91,8500,40.92,D
sh603301,振德医疗,2025-09-24 10:00:19,40.84,5300,40.83,U
sh603301,振德医疗,2025-09-24 10:00:25,40.82,4900,40.83,D
sh603301,振德医疗,2025-09-24 10:01:04,40.78,6400,40.76,E
sh603301,振德医疗,2025-09-24 10:01:10,40.83,10400,40.81,U
sh603301,振德医疗,2025-09-24 10:01:31,40.84,13200,40.86,D
sh603301,振德医疗,2025-09-24 10:02:19,40.89,30000,40.91,D
sh603301,振德医疗,2025-09-24 10:02:22,40.86,7300,40.89,D
sh603301,振德医疗,2025-09-24 10:02:25,40.84,5700,40.86,D
sh603301,振德医疗,2025-09-24 10:02:40,40.84,5200,40.84,U
sh603301,振德医疗,2025-09-24 10:03:07,40.88,5400,40.88,D
sh603301,振德医疗,2025-09-24 10:03:39,40.82,5500,40.84,D
sh603301,振德医疗,2025-09-24 10:04:31,40.75,6900,40.77,D
sh603301,振德医疗,2025-09-24 10:04:37,40.74,6100,40.74,D
sh603301,振德医疗,2025-09-24 10:04:43,40.74,5100,40.74,D
sh603301,振德医疗,2025-09-24 10:04:46,40.74,7800,40.74,D
sh603301,振德医疗,2025-09-24 10:04:54,40.78,15100,40.75,U
sh603301,振德医疗,2025-09-24 10:04:58,40.76,12200,40.78,D
sh603301,振德医疗,2025-09-24 10:07:16,40.83,6100,40.8,U
sh603301,振德医疗,2025-09-24 10:07:19,40.88,5900,40.83,U
sh603301,振德医疗,2025-09-24 10:08:34,41.0,21400,40.95,U
sh603301,振德医疗,2025-09-24 10:09:06,41.05,6300,41.07,D
sh603301,振德医疗,2025-09-24 10:10:01,41.07,5800,41.06,U
sh603301,振德医疗,2025-09-24 10:10:04,41.05,7900,41.07,D
sh603301,振德医疗,2025-09-24 10:10:34,41.08,5200,41.07,E
sh603301,振德医疗,2025-09-24 10:12:13,41.09,7900,41.06,U
sh603301,振德医疗,2025-09-24 10:12:31,41.11,7100,41.15,D
sh603301,振德医疗,2025-09-24 10:12:34,41.11,21300,41.11,D
sh603301,振德医疗,2025-09-24 10:12:55,41.14,10200,41.13,U
sh603301,振德医疗,2025-09-24 10:13:10,41.08,16900,41.13,D
sh603301,振德医疗,2025-09-24 10:13:43,41.1,14800,41.05,U
sh603301,振德医疗,2025-09-24 10:13:46,41.14,11500,41.1,U
sh603301,振德医疗,2025-09-24 10:13:48,41.17,12700,41.14,U
sh603301,振德医疗,2025-09-24 10:15:04,41.07,9100,41.08,D
sh603301,振德医疗,2025-09-24 10:16:13,41.0,6500,40.99,U
sh603301,振德医疗,2025-09-24 10:16:55,40.96,9700,40.99,D
sh603301,振德医疗,2025-09-24 10:17:03,40.96,7700,40.96,U
sh603301,振德医疗,2025-09-24 10:19:04,40.79,5800,40.76,U
sh603301,振德医疗,2025-09-24 10:20:43,40.7,5300,40.72,D
sh603301,振德医疗,2025-09-24 10:21:22,40.66,5100,40.68,D
sh603301,振德医疗,2025-09-24 10:21:25,40.63,30400,40.66,D
sh603301,振德医疗,2025-09-24 10:21:28,40.6,9000,40.63,D
sh603301,振德医疗,2025-09-24 10:21:58,40.57,16800,40.57,U
sh603301,振德医疗,2025-09-24 10:22:04,40.55,6500,40.56,D
sh603301,振德医疗,2025-09-24 10:22:13,40.57,5200,40.56,U
sh603301,振德医疗,2025-09-24 10:22:18,40.56,7300,40.57,D
sh603301,振德医疗,2025-09-24 10:22:42,40.5,5400,40.45,U
sh603301,振德医疗,2025-09-24 10:22:52,40.51,9300,40.51,D
sh603301,振德医疗,2025-09-24 10:23:16,40.59,8500,40.53,U
sh603301,振德医疗,2025-09-24 10:23:19,40.63,16100,40.59,U
sh603301,振德医疗,2025-09-24 10:23:25,40.65,6200,40.63,U
sh603301,振德医疗,2025-09-24 10:23:34,40.73,6100,40.64,U
sh603301,振德医疗,2025-09-24 10:23:49,40.76,5800,40.76,D
sh603301,振德医疗,2025-09-24 10:23:52,40.8,6600,40.76,U
sh603301,振德医疗,2025-09-24 10:24:16,40.74,7700,40.76,D
sh603301,振德医疗,2025-09-24 10:24:46,40.64,5400,40.64,D
sh603301,振德医疗,2025-09-24 10:24:48,40.6,6500,40.64,D
sh603301,振德医疗,2025-09-24 10:24:55,40.6,7300,40.6,D
sh603301,振德医疗,2025-09-24 10:24:58,40.6,9700,40.6,D
sh603301,振德医疗,2025-09-24 10:26:37,40.63,18300,40.63,D
sh603301,振德医疗,2025-09-24 10:27:19,40.64,7400,40.62,U
sh603301,振德医疗,2025-09-24 10:28:58,40.5,6600,40.51,D
sh603301,振德医疗,2025-09-24 10:29:04,40.49,14000,40.51,D
sh603301,振德医疗,2025-09-24 10:29:52,40.41,5600,40.41,D
sh603301,振德医疗,2025-09-24 10:31:01,40.5,16300,40.43,U
sh603301,振德医疗,2025-09-24 10:31:37,40.55,6700,40.54,U
sh603301,振德医疗,2025-09-24 10:31:52,40.57,5300,40.59,D
sh603301,振德医疗,2025-09-24 10:32:52,40.4,5000,40.43,D
sh603301,振德医疗,2025-09-24 10:34:19,40.41,6100,40.39,U
sh603301,振德医疗,2025-09-24 10:35:43,40.54,6000,40.53,U
sh603301,振德医疗,2025-09-24 10:35:58,40.55,8400,40.55,U
sh603301,振德医疗,2025-09-24 10:40:07,40.61,6200,40.57,U
sh603301,振德医疗,2025-09-24 10:43:22,40.53,5000,40.53,D
sh603301,振德医疗,2025-09-24 10:44:27,40.48,6200,40.47,U
sh603301,振德医疗,2025-09-24 10:45:13,40.48,9800,40.48,D
sh603301,振德医疗,2025-09-24 10:49:19,40.52,9900,40.53,D
sh603301,振德医疗,2025-09-24 10:51:16,40.72,5300,40.69,U
sh603301,振德医疗,2025-09-24 10:53:04,40.77,10900,40.69,U
sh603301,振德医疗,2025-09-24 10:53:49,40.76,8200,40.77,D
sh603301,振德医疗,2025-09-24 10:54:16,40.76,12100,40.76,D
sh603301,振德医疗,2025-09-24 10:56:15,40.77,5000,40.72,U
sh603301,振德医疗,2025-09-24 10:56:31,40.8,6300,40.8,U
sh603301,振德医疗,2025-09-24 10:56:49,40.84,5500,40.82,U
sh603301,振德医疗,2025-09-24 10:59:51,40.82,8100,40.83,D
sh603301,振德医疗,2025-09-24 11:00:04,40.8,5500,40.81,D
sh603301,振德医疗,2025-09-24 11:00:16,40.83,5400,40.8,U
sh603301,振德医疗,2025-09-24 11:00:37,40.89,8700,40.86,U
sh603301,振德医疗,2025-09-24 11:00:49,40.9,7700,40.9,U
sh603301,振德医疗,2025-09-24 11:02:07,40.84,5000,40.82,U
sh603301,振德医疗,2025-09-24 11:03:31,40.85,10400,40.86,D
sh603301,振德医疗,2025-09-24 11:03:49,40.88,13500,40.85,U
sh603301,振德医疗,2025-09-24 11:05:39,40.96,7900,40.89,U
sh603301,振德医疗,2025-09-24 11:06:28,40.88,31300,40.88,D
sh603301,振德医疗,2025-09-24 11:07:12,40.85,30200,40.87,D
sh603301,振德医疗,2025-09-24 11:07:19,40.87,6100,40.87,U
sh603301,振德医疗,2025-09-24 11:07:28,40.85,7200,40.85,D
sh603301,振德医疗,2025-09-24 11:07:55,40.8,8800,40.8,D
sh603301,振德医疗,2025-09-24 11:09:28,40.85,16500,40.82,U
sh603301,振德医疗,2025-09-24 11:09:31,40.89,7100,40.85,U
sh603301,振德医疗,2025-09-24 11:12:04,40.96,6900,40.93,U
sh603301,振德医疗,2025-09-24 11:13:49,40.92,5700,40.92,D
sh603301,振德医疗,2025-09-24 11:13:52,40.92,34800,40.92,U
sh603301,振德医疗,2025-09-24 11:14:10,40.95,7300,40.94,U
sh603301,振德医疗,2025-09-24 11:14:13,40.95,4900,40.95,U
sh603301,振德医疗,2025-09-24 11:16:07,40.85,13700,40.89,D
sh603301,振德医疗,2025-09-24 11:18:16,40.95,30813,40.85,U
sh603301,振德医疗,2025-09-24 11:21:28,40.86,5300,40.85,D
sh603301,振德医疗,2025-09-24 11:21:34,40.84,5800,40.85,D
sh603301,振德医疗,2025-09-24 11:22:33,40.89,6700,40.85,U
sh603301,振德医疗,2025-09-24 11:22:49,40.83,6400,40.83,D
sh603301,振德医疗,2025-09-24 11:23:01,40.87,7300,40.83,U
sh603301,振德医疗,2025-09-24 11:26:16,40.83,10900,40.88,D
sh603301,振德医疗,2025-09-24 11:28:55,40.83,16600,40.82,U
sh603301,振德医疗,2025-09-24 11:29:03,40.84,7200,40.88,D
sh603301,振德医疗,2025-09-24 13:00:04,40.89,16700,40.91,D
sh603301,振德医疗,2025-09-24 13:00:31,40.99,5000,40.98,U
sh603301,振德医疗,2025-09-24 13:00:34,40.99,22900,40.99,U
sh603301,振德医疗,2025-09-24 13:00:37,41.0,25514,40.99,U
sh603301,振德医疗,2025-09-24 13:00:40,40.96,30600,41.0,D
sh603301,振德医疗,2025-09-24 13:01:19,41.0,6000,41.0,D
sh603301,振德医疗,2025-09-24 13:02:25,40.91,26300,40.99,D
sh603301,振德医疗,2025-09-24 13:13:01,40.71,5300,40.61,U
sh603301,振德医疗,2025-09-24 13:17:31,40.64,6500,40.63,U
sh603301,振德医疗,2025-09-24 13:17:34,40.68,8500,40.64,U
sh603301,振德医疗,2025-09-24 13:19:04,40.78,5800,40.75,U
sh603301,振德医疗,2025-09-24 13:20:31,40.87,6800,40.89,D
sh603301,振德医疗,2025-09-24 13:22:13,40.79,5100,40.85,D
sh603301,振德医疗,2025-09-24 13:22:34,40.84,5400,40.8,U
sh603301,振德医疗,2025-09-24 13:22:55,40.81,5500,40.79,U
sh603301,振德医疗,2025-09-24 13:25:52,40.8,6300,40.73,U
sh603301,振德医疗,2025-09-24 13:28:58,40.77,6000,40.74,U
sh603301,振德医疗,2025-09-24 13:29:07,40.77,8500,40.77,D
sh603301,振德医疗,2025-09-24 13:29:22,40.83,13100,40.78,U
sh603301,振德医疗,2025-09-24 13:30:40,40.85,5500,40.86,D
sh603301,振德医疗,2025-09-24 13:32:52,40.84,7000,40.84,U
sh603301,振德医疗,2025-09-24 13:32:55,40.84,8400,40.84,U
sh603301,振德医疗,2025-09-24 13:33:13,40.88,8700,40.87,U
sh603301,振德医疗,2025-09-24 13:33:19,40.9,9200,40.91,D
sh603301,振德医疗,2025-09-24 13:35:00,40.91,19400,40.86,U
sh603301,振德医疗,2025-09-24 13:36:13,40.94,21000,40.96,D
sh603301,振德医疗,2025-09-24 13:36:16,40.96,5600,40.94,D
sh603301,振德医疗,2025-09-24 13:38:04,40.91,8300,40.91,D
sh603301,振德医疗,2025-09-24 13:38:31,40.96,4900,40.92,U
sh603301,振德医疗,2025-09-24 13:39:16,41.02,24500,40.97,U
sh603301,振德医疗,2025-09-24 13:39:22,41.0,18300,41.01,E
sh603301,振德医疗,2025-09-24 13:40:49,41.0,13100,41.0,U
sh603301,振德医疗,2025-09-24 13:41:25,40.99,4900,40.99,D
sh603301,振德医疗,2025-09-24 13:41:31,41.0,8600,40.99,U
sh603301,振德医疗,2025-09-24 13:42:25,41.04,19800,40.98,U
sh603301,振德医疗,2025-09-24 13:43:10,41.01,7000,41.05,D
sh603301,振德医疗,2025-09-24 13:45:30,40.94,14000,40.91,U
sh603301,振德医疗,2025-09-24 13:45:43,40.98,5100,40.97,U
sh603301,振德医疗,2025-09-24 13:46:49,40.91,7400,40.91,U
sh603301,振德医疗,2025-09-24 13:46:55,40.92,7700,40.88,U
sh603301,振德医疗,2025-09-24 13:47:00,40.88,6900,40.91,D
sh603301,振德医疗,2025-09-24 13:47:31,40.9,9200,40.87,U
sh603301,振德医疗,2025-09-24 13:47:49,40.92,5600,40.92,D
sh603301,振德医疗,2025-09-24 13:48:04,40.94,7500,40.97,D
sh603301,振德医疗,2025-09-24 13:48:16,40.92,5000,40.99,D
sh603301,振德医疗,2025-09-24 13:51:48,40.91,10400,40.86,U
sh603301,振德医疗,2025-09-24 13:52:25,40.95,8200,40.95,D
sh603301,振德医疗,2025-09-24 13:54:01,40.91,5600,40.93,D
sh603301,振德医疗,2025-09-24 13:54:12,40.96,4900,40.94,U
sh603301,振德医疗,2025-09-24 13:54:40,40.95,13300,40.95,D
sh603301,振德医疗,2025-09-24 13:55:31,40.89,6700,40.91,D
sh603301,振德医疗,2025-09-24 13:56:22,40.87,4900,40.88,D
sh603301,振德医疗,2025-09-24 13:56:58,40.91,6200,40.85,U
sh603301,振德医疗,2025-09-24 13:57:49,40.87,92300,40.93,D
sh603301,振德医疗,2025-09-24 14:00:01,40.91,11100,40.91,D
sh603301,振德医疗,2025-09-24 14:01:58,40.88,6500,40.88,U
sh603301,振德医疗,2025-09-24 14:02:07,40.92,9300,40.88,U
sh603301,振德医疗,2025-09-24 14:02:22,40.91,6700,40.92,D
sh603301,振德医疗,2025-09-24 14:04:01,40.98,18600,40.91,U
sh603301,振德医疗,2025-09-24 14:04:16,41.0,21100,40.99,U
sh603301,振德医疗,2025-09-24 14:04:19,41.0,6600,41.0,U
sh603301,振德医疗,2025-09-24 14:04:28,40.99,28800,41.0,D
sh603301,振德医疗,2025-09-24 14:04:31,41.0,9100,40.99,U
sh603301,振德医疗,2025-09-24 14:04:34,41.0,7600,41.0,U
sh603301,振德医疗,2025-09-24 14:05:01,40.94,6400,41.01,D
sh603301,振德医疗,2025-09-24 14:05:37,40.91,7700,40.91,D
sh603301,振德医疗,2025-09-24 14:08:31,40.81,44200,40.9,D
sh603301,振德医疗,2025-09-24 14:08:34,40.81,160600,40.81,U
sh603301,振德医疗,2025-09-24 14:09:34,40.81,5600,40.82,D
sh603301,振德医疗,2025-09-24 14:10:07,40.71,35600,40.78,D
sh603301,振德医疗,2025-09-24 14:11:37,40.77,5400,40.77,D
sh603301,振德医疗,2025-09-24 14:11:40,40.81,9900,40.77,U
sh603301,振德医疗,2025-09-24 14:12:04,40.82,9500,40.81,U
sh603301,振德医疗,2025-09-24 14:12:58,40.85,12600,40.84,U
sh603301,振德医疗,2025-09-24 14:13:01,40.85,11000,40.85,U
sh603301,振德医疗,2025-09-24 14:13:49,40.87,18900,40.84,U
sh603301,振德医疗,2025-09-24 14:14:19,40.86,4900,40.87,D
sh603301,振德医疗,2025-09-24 14:15:30,40.83,6900,40.83,U
sh603301,振德医疗,2025-09-24 14:15:51,40.77,12000,40.81,D
sh603301,振德医疗,2025-09-24 14:16:01,40.75,5000,40.75,U
sh603301,振德医疗,2025-09-24 14:16:04,40.72,6700,40.75,D
sh603301,振德医疗,2025-09-24 14:17:01,40.8,24000,40.77,U
sh603301,振德医疗,2025-09-24 14:17:52,40.83,20100,40.83,D
sh603301,振德医疗,2025-09-24 14:18:07,40.83,30000,40.83,D
sh603301,振德医疗,2025-09-24 14:19:01,40.83,5100,40.83,D
sh603301,振德医疗,2025-09-24 14:19:03,40.83,8700,40.83,D
sh603301,振德医疗,2025-09-24 14:19:10,40.83,20500,40.83,D
sh603301,振德医疗,2025-09-24 14:19:13,40.82,19200,40.83,D
sh603301,振德医疗,2025-09-24 14:20:19,40.85,13500,40.83,U
sh603301,振德医疗,2025-09-24 14:22:16,40.81,5600,40.79,U
sh603301,振德医疗,2025-09-24 14:25:19,40.76,8900,40.76,D
sh603301,振德医疗,2025-09-24 14:26:04,40.78,6100,40.77,E
sh603301,振德医疗,2025-09-24 14:26:25,40.77,6700,40.73,U
sh603301,振德医疗,2025-09-24 14:26:34,40.77,5200,40.75,U
sh603301,振德医疗,2025-09-24 14:27:06,40.77,20100,40.76,U
sh603301,振德医疗,2025-09-24 14:27:16,40.77,24000,40.77,D
sh603301,振德医疗,2025-09-24 14:27:43,40.83,18200,40.81,U
sh603301,振德医疗,2025-09-24 14:28:04,40.84,9300,40.84,U
sh603301,振德医疗,2025-09-24 14:28:07,40.84,7100,40.84,U
sh603301,振德医疗,2025-09-24 14:28:37,40.83,6100,40.84,D
sh603301,振德医疗,2025-09-24 14:28:46,40.84,9200,40.82,U
sh603301,振德医疗,2025-09-24 14:29:16,40.84,10500,40.82,U
sh603301,振德医疗,2025-09-24 14:29:48,40.88,43200,40.83,U
sh603301,振德医疗,2025-09-24 14:29:52,40.92,9900,40.88,U
sh603301,振德医疗,2025-09-24 14:30:13,40.97,21400,40.95,U
sh603301,振德医疗,2025-09-24 14:30:37,40.96,8300,40.94,U
sh603301,振德医疗,2025-09-24 14:30:51,41.03,34700,40.96,U
sh603301,振德医疗,2025-09-24 14:30:55,41.04,6300,41.03,U
sh603301,振德医疗,2025-09-24 14:31:01,41.0,20600,41.03,D
sh603301,振德医疗,2025-09-24 14:31:37,40.94,10000,40.92,U
sh603301,振德医疗,2025-09-24 14:31:46,40.9,15500,40.91,D
sh603301,振德医疗,2025-09-24 14:32:10,40.81,13900,40.84,D
sh603301,振德医疗,2025-09-24 14:35:19,40.87,5400,40.87,D
sh603301,振德医疗,2025-09-24 14:35:40,40.87,5200,40.86,U
sh603301,振德医疗,2025-09-24 14:36:01,40.87,34100,40.86,U
sh603301,振德医疗,2025-09-24 14:36:34,40.9,6000,40.89,U
sh603301,振德医疗,2025-09-24 14:36:45,40.9,4900,40.9,D
sh603301,振德医疗,2025-09-24 14:37:04,40.91,8300,40.89,U
sh603301,振德医疗,2025-09-24 14:37:07,40.92,14600,40.91,U
sh603301,振德医疗,2025-09-24 14:37:25,40.9,7200,40.9,D
sh603301,振德医疗,2025-09-24 14:37:40,40.91,5400,40.91,D
sh603301,振德医疗,2025-09-24 14:37:43,40.91,5300,40.91,D
sh603301,振德医疗,2025-09-24 14:38:07,40.9,6500,40.9,D
sh603301,振德医疗,2025-09-24 14:38:16,40.9,8700,40.9,D
sh603301,振德医疗,2025-09-24 14:38:40,40.9,13300,40.9,D
sh603301,振德医疗,2025-09-24 14:38:42,40.9,6400,40.9,D
sh603301,振德医疗,2025-09-24 14:38:49,40.88,7500,40.9,D
sh603301,振德医疗,2025-09-24 14:40:34,40.9,26300,40.88,U
sh603301,振德医疗,2025-09-24 14:41:04,40.92,20600,40.91,U
sh603301,振德医疗,2025-09-24 14:43:07,40.92,7500,40.89,U
sh603301,振德医疗,2025-09-24 14:43:15,40.91,6900,40.91,D
sh603301,振德医疗,2025-09-24 14:43:36,40.94,32200,40.92,U
sh603301,振德医疗,2025-09-24 14:43:43,40.99,11500,40.94,U
sh603301,振德医疗,2025-09-24 14:43:46,41.0,5700,40.99,U
sh603301,振德医疗,2025-09-24 14:43:52,40.99,8400,40.99,D
sh603301,振德医疗,2025-09-24 14:43:58,41.0,10800,41.0,U
sh603301,振德医疗,2025-09-24 14:44:40,40.97,5300,40.94,U
sh603301,振德医疗,2025-09-24 14:44:58,40.97,5800,40.97,D
sh603301,振德医疗,2025-09-24 14:45:49,40.95,8400,40.94,U
sh603301,振德医疗,2025-09-24 14:45:55,40.96,16300,40.95,U
sh603301,振德医疗,2025-09-24 14:46:19,41.0,38755,40.96,U
sh603301,振德医疗,2025-09-24 14:46:34,41.0,4900,41.0,D
sh603301,振德医疗,2025-09-24 14:46:37,41.01,5100,41.0,U
sh603301,振德医疗,2025-09-24 14:46:52,41.0,5700,41.01,D
sh603301,振德医疗,2025-09-24 14:48:04,40.97,12300,40.97,D
sh603301,振德医疗,2025-09-24 14:48:13,40.96,7100,40.96,D
sh603301,振德医疗,2025-09-24 14:48:31,40.96,7500,40.93,U
sh603301,振德医疗,2025-09-24 14:49:31,40.97,5200,40.96,U
sh603301,振德医疗,2025-09-24 14:49:34,40.97,9301,40.97,U
sh603301,振德医疗,2025-09-24 14:50:13,40.93,6500,40.95,D
sh603301,振德医疗,2025-09-24 14:50:19,40.94,5500,40.93,U
sh603301,振德医疗,2025-09-24 14:50:28,40.94,6800,40.93,U
sh603301,振德医疗,2025-09-24 14:50:52,40.94,23600,40.93,U
sh603301,振德医疗,2025-09-24 14:51:04,40.93,11200,40.96,D
sh603301,振德医疗,2025-09-24 14:51:07,40.93,5900,40.93,D
sh603301,振德医疗,2025-09-24 14:51:10,40.99,24400,40.93,U
sh603301,振德医疗,2025-09-24 14:51:25,40.98,27100,40.97,E
sh603301,振德医疗,2025-09-24 14:51:42,41.03,29400,40.98,U
sh603301,振德医疗,2025-09-24 14:52:04,41.05,5000,41.04,U
sh603301,振德医疗,2025-09-24 14:52:28,41.06,21200,41.0,U
sh603301,振德医疗,2025-09-24 14:52:49,41.03,17100,41.04,D
sh603301,振德医疗,2025-09-24 14:52:52,41.05,24100,41.03,U
sh603301,振德医疗,2025-09-24 14:52:58,41.05,6755,41.05,U
sh603301,振德医疗,2025-09-24 14:53:01,41.06,7300,41.05,U
sh603301,振德医疗,2025-09-24 14:53:04,41.05,6300,41.06,D
sh603301,振德医疗,2025-09-24 14:53:28,41.07,13500,41.02,U
sh603301,振德医疗,2025-09-24 14:53:43,41.07,22800,41.07,D
sh603301,振德医疗,2025-09-24 14:54:01,41.09,7400,41.08,U
sh603301,振德医疗,2025-09-24 14:54:13,41.08,12800,41.07,U
sh603301,振德医疗,2025-09-24 14:54:31,41.1,36100,41.09,U
sh603301,振德医疗,2025-09-24 14:54:37,41.06,5000,41.07,D
sh603301,振德医疗,2025-09-24 14:55:07,41.09,26800,41.06,U
sh603301,振德医疗,2025-09-24 14:55:13,41.11,12100,41.1,U
sh603301,振德医疗,2025-09-24 14:55:22,41.12,7000,41.11,U
sh603301,振德医疗,2025-09-24 14:55:25,41.11,24100,41.12,D
sh603301,振德医疗,2025-09-24 14:55:28,41.12,7300,41.11,U
sh603301,振德医疗,2025-09-24 14:55:40,41.07,7000,41.08,D
sh603301,振德医疗,2025-09-24 14:55:58,41.09,8200,41.07,U
sh603301,振德医疗,2025-09-24 14:56:01,41.05,13700,41.09,D
sh603301,振德医疗,2025-09-24 14:56:13,41.07,14500,41.04,U
sh603301,振德医疗,2025-09-24 14:56:25,41.05,8700,41.07,D
sh603301,振德医疗,2025-09-24 14:56:43,41.02,17800,41.01,E
sh603301,振德医疗,2025-09-24 14:56:46,41.01,5400,41.02,D
sh603301,振德医疗,2025-09-24 15:00:03,41.03,198000,41.03,U
