symbol,name,ticktime,price,volume,prev_price,kind
sh603301,振德医疗,2025-10-10 09:25:00,53.08,157600,0.0,D
sh603301,振德医疗,2025-10-10 09:30:00,53.08,4300,53.08,D
sh603301,振德医疗,2025-10-10 09:30:03,53.2,27200,53.08,U
sh603301,振德医疗,2025-10-10 09:30:06,53.5,89600,53.2,U
sh603301,振德医疗,2025-10-10 09:30:09,53.21,127200,53.5,D
sh603301,振德医疗,2025-10-10 09:30:12,53.47,42200,53.21,U
sh603301,振德医疗,2025-10-10 09:30:15,53.2,69800,53.47,D
sh603301,振德医疗,2025-10-10 09:30:18,53.48,42700,53.2,D
sh603301,振德医疗,2025-10-10 09:30:21,53.26,27300,53.48,D
sh603301,振德医疗,2025-10-10 09:30:24,53.26,19800,53.26,D
sh603301,振德医疗,2025-10-10 09:30:27,53.43,54300,53.26,U
sh603301,振德医疗,2025-10-10 09:30:30,53.47,36700,53.43,D
sh603301,振德医疗,2025-10-10 09:30:33,53.8,15300,53.47,U
sh603301,振德医疗,2025-10-10 09:30:36,53.48,20700,53.8,D
sh603301,振德医疗,2025-10-10 09:30:39,53.51,40700,53.48,U
sh603301,振德医疗,2025-10-10 09:30:42,53.51,16271,53.51,U
sh603301,振德医疗,2025-10-10 09:30:45,53.8,19900,53.51,E
sh603301,振德医疗,2025-10-10 09:30:48,53.81,44300,53.8,U
sh603301,振德医疗,2025-10-10 09:30:51,53.88,5000,53.81,U
sh603301,振德医疗,2025-10-10 09:30:54,54.0,22900,53.88,E
sh603301,振德医疗,2025-10-10 09:30:57,53.94,23500,54.0,E
sh603301,振德医疗,2025-10-10 09:31:00,54.42,41900,53.94,U
sh603301,振德医疗,2025-10-10 09:31:03,54.0,13000,54.42,D
sh603301,振德医疗,2025-10-10 09:31:06,54.49,30800,54.0,U
sh603301,振德医疗,2025-10-10 09:31:09,54.48,21800,54.49,D
sh603301,振德医疗,2025-10-10 09:31:12,54.49,21300,54.48,U
sh603301,振德医疗,2025-10-10 09:31:15,54.5,31900,54.49,U
sh603301,振德医疗,2025-10-10 09:31:18,54.58,19100,54.5,D
sh603301,振德医疗,2025-10-10 09:31:21,54.58,18000,54.58,U
sh603301,振德医疗,2025-10-10 09:31:24,54.9,19800,54.58,U
sh603301,振德医疗,2025-10-10 09:31:27,54.98,39200,54.9,U
sh603301,振德医疗,2025-10-10 09:31:30,55.0,14100,54.98,U
sh603301,振德医疗,2025-10-10 09:31:33,54.98,55100,55.0,D
sh603301,振德医疗,2025-10-10 09:31:36,54.58,24900,54.98,D
sh603301,振德医疗,2025-10-10 09:31:39,54.58,44600,54.58,D
sh603301,振德医疗,2025-10-10 09:31:42,54.5,54300,54.58,D
sh603301,振德医疗,2025-10-10 09:31:45,54.5,69600,54.5,U
sh603301,振德医疗,2025-10-10 09:31:48,54.4,28639,54.5,D
sh603301,振德医疗,2025-10-10 09:31:51,54.3,46661,54.4,D
sh603301,振德医疗,2025-10-10 09:31:54,54.01,25500,54.3,D
sh603301,振德医疗,2025-10-10 09:31:57,54.0,12000,54.01,D
sh603301,振德医疗,2025-10-10 09:32:00,54.01,21800,54.0,U
sh603301,振德医疗,2025-10-10 09:32:03,54.0,19300,54.01,D
sh603301,振德医疗,2025-10-10 09:32:06,53.85,21600,54.0,D
sh603301,振德医疗,2025-10-10 09:32:09,53.94,28100,53.85,U
sh603301,振德医疗,2025-10-10 09:32:12,53.58,28100,53.94,E
sh603301,振德医疗,2025-10-10 09:32:15,53.53,46000,53.58,D
sh603301,振德医疗,2025-10-10 09:32:18,53.57,9100,53.53,E
sh603301,振德医疗,2025-10-10 09:32:21,53.53,9800,53.57,D
sh603301,振德医疗,2025-10-10 09:32:24,53.57,13600,53.53,D
sh603301,振德医疗,2025-10-10 09:32:27,53.57,36400,53.57,D
sh603301,振德医疗,2025-10-10 09:32:30,53.83,11900,53.57,U
sh603301,振德医疗,2025-10-10 09:32:33,54.1,9800,53.83,U
sh603301,振德医疗,2025-10-10 09:32:36,54.3,3700,54.1,U
sh603301,振德医疗,2025-10-10 09:32:39,54.43,5200,54.3,U
sh603301,振德医疗,2025-10-10 09:32:42,54.5,4100,54.43,U
sh603301,振德医疗,2025-10-10 09:32:45,54.6,82300,54.5,U
sh603301,振德医疗,2025-10-10 09:32:51,54.79,6400,54.79,U
sh603301,振德医疗,2025-10-10 09:32:54,55.0,10100,54.79,U
sh603301,振德医疗,2025-10-10 09:32:57,55.06,6800,55.0,U
sh603301,振德医疗,2025-10-10 09:33:00,55.09,24600,55.06,U
sh603301,振德医疗,2025-10-10 09:33:03,55.41,13100,55.09,U
sh603301,振德医疗,2025-10-10 09:33:06,55.44,39300,55.41,U
sh603301,振德医疗,2025-10-10 09:33:09,55.31,13600,55.44,E
sh603301,振德医疗,2025-10-10 09:33:12,55.46,172900,55.31,U
sh603301,振德医疗,2025-10-10 09:33:15,55.42,23300,55.46,D
sh603301,振德医疗,2025-10-10 09:33:18,55.35,25200,55.42,E
sh603301,振德医疗,2025-10-10 09:33:21,55.19,57600,55.35,D
sh603301,振德医疗,2025-10-10 09:33:24,55.28,16500,55.19,U
sh603301,振德医疗,2025-10-10 09:33:27,55.33,29700,55.28,U
sh603301,振德医疗,2025-10-10 09:33:30,55.4,29500,55.33,U
sh603301,振德医疗,2025-10-10 09:33:33,55.58,15200,55.4,U
sh603301,振德医疗,2025-10-10 09:33:36,55.58,7700,55.58,U
sh603301,振德医疗,2025-10-10 09:33:39,55.67,7300,55.58,U
sh603301,振德医疗,2025-10-10 09:33:42,55.65,8000,55.67,E
sh603301,振德医疗,2025-10-10 09:33:45,55.67,12200,55.65,U
sh603301,振德医疗,2025-10-10 09:33:48,55.85,25100,55.67,U
sh603301,振德医疗,2025-10-10 09:33:51,55.81,5700,55.85,E
sh603301,振德医疗,2025-10-10 09:33:54,55.86,10200,55.81,U
sh603301,振德医疗,2025-10-10 09:33:57,56.08,129700,55.86,U
sh603301,振德医疗,2025-10-10 09:34:00,56.36,13700,56.08,U
sh603301,振德医疗,2025-10-10 09:34:03,56.37,41300,56.36,U
sh603301,振德医疗,2025-10-10 09:34:06,56.34,20900,56.37,D
sh603301,振德医疗,2025-10-10 09:34:09,56.41,43100,56.34,U
sh603301,振德医疗,2025-10-10 09:34:12,56.38,32300,56.41,D
sh603301,振德医疗,2025-10-10 09:34:15,56.4,30800,56.38,U
sh603301,振德医疗,2025-10-10 09:34:18,56.42,14300,56.4,U
sh603301,振德医疗,2025-10-10 09:34:21,56.43,26900,56.42,U
sh603301,振德医疗,2025-10-10 09:34:24,56.43,21000,56.43,U
sh603301,振德医疗,2025-10-10 09:34:27,56.44,19700,56.43,U
sh603301,振德医疗,2025-10-10 09:34:30,56.44,21600,56.44,D
sh603301,振德医疗,2025-10-10 09:34:33,56.46,40300,56.44,U
sh603301,振德医疗,2025-10-10 09:34:36,56.46,72600,56.46,U
sh603301,振德医疗,2025-10-10 09:34:39,56.46,78000,56.46,U
sh603301,振德医疗,2025-10-10 09:34:42,56.46,56079,56.46,U
sh603301,振德医疗,2025-10-10 09:34:45,56.46,5300,56.46,D
sh603301,振德医疗,2025-10-10 09:34:48,56.46,38921,56.46,D
sh603301,振德医疗,2025-10-10 09:34:51,56.46,21200,56.46,D
sh603301,振德医疗,2025-10-10 09:34:54,56.46,62700,56.46,D
sh603301,振德医疗,2025-10-10 09:34:57,56.46,16800,56.46,D
sh603301,振德医疗,2025-10-10 09:35:00,56.46,25516,56.46,D
sh603301,振德医疗,2025-10-10 09:35:03,56.46,84584,56.46,U
sh603301,振德医疗,2025-10-10 09:35:06,56.42,21000,56.46,D
sh603301,振德医疗,2025-10-10 09:35:09,56.46,39600,56.42,U
sh603301,振德医疗,2025-10-10 09:35:12,56.46,54600,56.46,U
sh603301,振德医疗,2025-10-10 09:35:15,56.46,9552,56.46,U
sh603301,振德医疗,2025-10-10 09:35:18,56.46,3900,56.46,D
sh603301,振德医疗,2025-10-10 09:35:21,56.46,9900,56.46,D
sh603301,振德医疗,2025-10-10 09:35:24,56.46,10000,56.46,U
sh603301,振德医疗,2025-10-10 09:35:27,56.46,6400,56.46,U
sh603301,振德医疗,2025-10-10 09:35:30,56.46,43300,56.46,U
sh603301,振德医疗,2025-10-10 09:35:33,56.46,6300,56.46,D
sh603301,振德医疗,2025-10-10 09:35:36,56.4,16100,56.46,U
sh603301,振德医疗,2025-10-10 09:35:39,56.4,12400,56.4,D
sh603301,振德医疗,2025-10-10 09:35:42,56.45,21900,56.4,U
sh603301,振德医疗,2025-10-10 09:35:45,56.43,5600,56.45,D
sh603301,振德医疗,2025-10-10 09:35:48,56.45,18200,56.43,U
sh603301,振德医疗,2025-10-10 09:35:51,56.4,7400,56.45,D
sh603301,振德医疗,2025-10-10 09:35:54,56.45,9000,56.4,U
sh603301,振德医疗,2025-10-10 09:35:57,56.46,8600,56.45,U
sh603301,振德医疗,2025-10-10 09:36:00,56.45,24100,56.46,D
sh603301,振德医疗,2025-10-10 09:36:03,56.45,7000,56.45,U
sh603301,振德医疗,2025-10-10 09:36:06,56.46,16400,56.45,U
sh603301,振德医疗,2025-10-10 09:36:09,56.46,96200,56.46,U
sh603301,振德医疗,2025-10-10 09:36:12,56.46,8600,56.46,U
sh603301,振德医疗,2025-10-10 09:36:15,56.46,22000,56.46,U
sh603301,振德医疗,2025-10-10 09:36:18,56.46,22200,56.46,U
sh603301,振德医疗,2025-10-10 09:36:21,56.43,6900,56.46,D
sh603301,振德医疗,2025-10-10 09:36:24,56.36,19200,56.43,D
sh603301,振德医疗,2025-10-10 09:36:27,56.19,74700,56.36,D
sh603301,振德医疗,2025-10-10 09:36:30,56.0,8000,56.19,D
sh603301,振德医疗,2025-10-10 09:36:33,55.96,17800,56.0,D
sh603301,振德医疗,2025-10-10 09:36:36,55.85,23600,55.96,D
sh603301,振德医疗,2025-10-10 09:36:39,55.85,23200,55.85,D
sh603301,振德医疗,2025-10-10 09:36:42,55.85,35500,55.85,D
sh603301,振德医疗,2025-10-10 09:36:45,55.85,29000,55.85,D
sh603301,振德医疗,2025-10-10 09:36:48,55.85,104100,55.85,D
sh603301,振德医疗,2025-10-10 09:36:51,55.76,79600,55.85,D
sh603301,振德医疗,2025-10-10 09:36:54,55.58,61400,55.76,D
sh603301,振德医疗,2025-10-10 09:36:57,55.55,160114,55.58,D
sh603301,振德医疗,2025-10-10 09:37:00,55.58,7300,55.55,U
sh603301,振德医疗,2025-10-10 09:37:03,55.76,17900,55.58,U
sh603301,振德医疗,2025-10-10 09:37:06,55.6,11100,55.76,D
sh603301,振德医疗,2025-10-10 09:37:09,55.85,7300,55.6,U
sh603301,振德医疗,2025-10-10 09:37:12,55.76,8400,55.85,D
sh603301,振德医疗,2025-10-10 09:37:15,55.76,8500,55.76,U
sh603301,振德医疗,2025-10-10 09:37:18,55.76,9500,55.76,U
sh603301,振德医疗,2025-10-10 09:37:21,55.76,5000,55.76,D
sh603301,振德医疗,2025-10-10 09:37:24,55.92,8000,55.76,U
sh603301,振德医疗,2025-10-10 09:37:27,55.61,9900,55.92,D
sh603301,振德医疗,2025-10-10 09:37:30,55.7,10600,55.61,U
sh603301,振德医疗,2025-10-10 09:37:33,55.7,6200,55.7,U
sh603301,振德医疗,2025-10-10 09:37:36,55.75,28500,55.7,U
sh603301,振德医疗,2025-10-10 09:37:39,55.85,32900,55.75,U
sh603301,振德医疗,2025-10-10 09:37:42,55.92,56000,55.85,U
sh603301,振德医疗,2025-10-10 09:37:45,56.08,9200,55.92,U
sh603301,振德医疗,2025-10-10 09:37:54,56.36,5100,56.1,U
sh603301,振德医疗,2025-10-10 09:38:00,56.32,4200,56.28,U
sh603301,振德医疗,2025-10-10 09:38:03,56.32,33700,56.32,U
sh603301,振德医疗,2025-10-10 09:38:06,56.31,25200,56.32,E
sh603301,振德医疗,2025-10-10 09:38:09,56.32,14200,56.31,U
sh603301,振德医疗,2025-10-10 09:38:12,56.38,30200,56.32,U
sh603301,振德医疗,2025-10-10 09:38:15,56.44,4300,56.38,E
sh603301,振德医疗,2025-10-10 09:38:18,56.44,10100,56.44,U
sh603301,振德医疗,2025-10-10 09:38:21,56.45,18300,56.44,U
sh603301,振德医疗,2025-10-10 09:38:24,56.32,79800,56.45,D
sh603301,振德医疗,2025-10-10 09:38:27,56.1,15400,56.32,D
sh603301,振德医疗,2025-10-10 09:38:36,56.32,17500,56.22,U
sh603301,振德医疗,2025-10-10 09:38:42,56.37,9000,56.31,U
sh603301,振德医疗,2025-10-10 09:38:45,56.3,8200,56.37,D
sh603301,振德医疗,2025-10-10 09:38:48,56.39,9500,56.3,U
sh603301,振德医疗,2025-10-10 09:38:51,56.38,9100,56.39,D
sh603301,振德医疗,2025-10-10 09:38:57,56.38,6600,56.39,D
sh603301,振德医疗,2025-10-10 09:39:00,56.38,9600,56.38,U
sh603301,振德医疗,2025-10-10 09:39:03,56.37,27300,56.38,D
sh603301,振德医疗,2025-10-10 09:39:06,56.39,18400,56.37,U
sh603301,振德医疗,2025-10-10 09:39:09,56.38,6100,56.39,D
sh603301,振德医疗,2025-10-10 09:39:12,56.39,4100,56.38,U
sh603301,振德医疗,2025-10-10 09:39:15,56.38,27500,56.39,D
sh603301,振德医疗,2025-10-10 09:39:18,56.38,24100,56.38,U
sh603301,振德医疗,2025-10-10 09:39:21,56.37,7800,56.38,D
sh603301,振德医疗,2025-10-10 09:39:24,56.38,8500,56.37,U
sh603301,振德医疗,2025-10-10 09:39:30,56.39,9100,56.39,U
sh603301,振德医疗,2025-10-10 09:39:33,56.4,7300,56.39,U
sh603301,振德医疗,2025-10-10 09:39:39,56.43,175700,56.41,U
sh603301,振德医疗,2025-10-10 09:39:42,56.46,11164,56.43,U
sh603301,振德医疗,2025-10-10 09:39:57,56.46,8400,56.46,D
sh603301,振德医疗,2025-10-10 09:40:03,56.46,4800,56.46,D
sh603301,振德医疗,2025-10-10 09:40:06,56.46,10300,56.46,D
sh603301,振德医疗,2025-10-10 09:40:09,56.46,6200,56.46,D
sh603301,振德医疗,2025-10-10 09:40:18,56.46,11700,56.46,D
sh603301,振德医疗,2025-10-10 09:40:21,56.46,36600,56.46,D
sh603301,振德医疗,2025-10-10 09:40:24,56.46,3700,56.46,D
sh603301,振德医疗,2025-10-10 09:40:30,56.46,11600,56.46,D
sh603301,振德医疗,2025-10-10 09:41:24,56.46,4100,56.46,D
sh603301,振德医疗,2025-10-10 09:41:36,56.46,17600,56.46,D
sh603301,振德医疗,2025-10-10 09:42:03,56.46,16100,56.46,D
sh603301,振德医疗,2025-10-10 09:44:39,56.46,5000,56.46,D
sh603301,振德医疗,2025-10-10 09:45:51,56.46,6200,56.46,D
sh603301,振德医疗,2025-10-10 09:46:54,56.46,7000,56.46,D
sh603301,振德医疗,2025-10-10 09:48:03,56.46,20300,56.46,D
sh603301,振德医疗,2025-10-10 09:48:30,56.46,5000,56.46,D
sh603301,振德医疗,2025-10-10 09:50:18,56.46,3800,56.46,D
sh603301,振德医疗,2025-10-10 09:50:33,56.46,5000,56.46,D
sh603301,振德医疗,2025-10-10 09:50:45,56.46,8100,56.46,D
sh603301,振德医疗,2025-10-10 09:50:57,56.46,13100,56.46,D
sh603301,振德医疗,2025-10-10 09:51:00,56.46,11300,56.46,D
sh603301,振德医疗,2025-10-10 09:51:03,56.46,23300,56.46,D
sh603301,振德医疗,2025-10-10 09:51:06,56.46,25756,56.46,D
sh603301,振德医疗,2025-10-10 09:51:09,56.46,56100,56.46,D
sh603301,振德医疗,2025-10-10 09:51:12,56.46,29500,56.46,D
sh603301,振德医疗,2025-10-10 09:51:15,56.46,16400,56.46,D
sh603301,振德医疗,2025-10-10 09:51:18,56.46,50100,56.46,D
sh603301,振德医疗,2025-10-10 09:51:21,56.46,28000,56.46,D
sh603301,振德医疗,2025-10-10 09:51:24,56.46,14500,56.46,D
sh603301,振德医疗,2025-10-10 09:51:27,56.46,8200,56.46,D
sh603301,振德医疗,2025-10-10 09:51:30,56.46,60006,56.46,D
sh603301,振德医疗,2025-10-10 09:51:33,56.45,39174,56.46,U
sh603301,振德医疗,2025-10-10 09:51:36,56.28,102400,56.45,D
sh603301,振德医疗,2025-10-10 09:51:39,56.21,9300,56.28,D
sh603301,振德医疗,2025-10-10 09:51:42,56.21,87600,56.21,D
sh603301,振德医疗,2025-10-10 09:51:45,56.08,6900,56.21,D
sh603301,振德医疗,2025-10-10 09:51:48,55.83,8800,56.08,D
sh603301,振德医疗,2025-10-10 09:51:51,55.83,15600,55.83,D
sh603301,振德医疗,2025-10-10 09:51:54,55.79,18700,55.83,E
sh603301,振德医疗,2025-10-10 09:51:57,55.9,8500,55.79,U
sh603301,振德医疗,2025-10-10 09:52:00,55.79,7600,55.9,U
sh603301,振德医疗,2025-10-10 09:52:03,55.87,8600,55.79,U
sh603301,振德医疗,2025-10-10 09:52:06,56.08,10400,55.87,U
sh603301,振德医疗,2025-10-10 09:52:09,56.08,12000,56.08,U
sh603301,振德医疗,2025-10-10 09:52:12,56.08,10800,56.08,D
sh603301,振德医疗,2025-10-10 09:52:15,56.09,14800,56.08,E
sh603301,振德医疗,2025-10-10 09:52:18,56.08,13300,56.09,D
sh603301,振德医疗,2025-10-10 09:52:21,55.79,9400,56.08,D
sh603301,振德医疗,2025-10-10 09:52:24,55.99,16300,55.79,U
sh603301,振德医疗,2025-10-10 09:52:27,56.07,9600,55.99,U
sh603301,振德医疗,2025-10-10 09:52:30,55.78,6300,56.07,D
sh603301,振德医疗,2025-10-10 09:52:33,55.68,102272,55.78,D
sh603301,振德医疗,2025-10-10 09:52:36,55.78,4200,55.68,D
sh603301,振德医疗,2025-10-10 09:52:39,55.93,4400,55.78,E
sh603301,振德医疗,2025-10-10 09:52:42,55.93,8000,55.93,U
sh603301,振德医疗,2025-10-10 09:52:48,55.93,5700,55.8,U
sh603301,振德医疗,2025-10-10 09:52:51,55.94,13900,55.93,U
sh603301,振德医疗,2025-10-10 09:52:54,56.0,31900,55.94,E
sh603301,振德医疗,2025-10-10 09:53:00,56.09,6200,56.1,D
sh603301,振德医疗,2025-10-10 09:53:03,56.21,15500,56.09,E
sh603301,振德医疗,2025-10-10 09:53:06,56.08,5800,56.21,D
sh603301,振德医疗,2025-10-10 09:53:09,55.95,8500,56.08,D
sh603301,振德医疗,2025-10-10 09:53:12,56.0,9300,55.95,U
sh603301,振德医疗,2025-10-10 09:53:15,56.11,12600,56.0,U
sh603301,振德医疗,2025-10-10 09:53:21,55.99,7500,56.01,D
sh603301,振德医疗,2025-10-10 09:53:24,55.99,82100,55.99,D
sh603301,振德医疗,2025-10-10 09:53:27,55.99,6200,55.99,E
sh603301,振德医疗,2025-10-10 09:53:30,55.92,3800,55.99,D
sh603301,振德医疗,2025-10-10 09:53:33,55.85,4400,55.92,D
sh603301,振德医疗,2025-10-10 09:53:36,55.88,4600,55.85,E
sh603301,振德医疗,2025-10-10 09:53:39,55.82,4100,55.88,D
sh603301,振德医疗,2025-10-10 09:53:42,55.73,25400,55.82,D
sh603301,振德医疗,2025-10-10 09:53:48,55.69,11400,55.73,D
sh603301,振德医疗,2025-10-10 09:53:54,55.68,7900,55.68,D
sh603301,振德医疗,2025-10-10 09:53:57,55.68,51328,55.68,D
sh603301,振德医疗,2025-10-10 09:54:00,55.65,5700,55.68,E
sh603301,振德医疗,2025-10-10 09:54:03,55.5,10600,55.65,D
sh603301,振德医疗,2025-10-10 09:54:06,55.38,20700,55.5,D
sh603301,振德医疗,2025-10-10 09:54:09,55.3,5500,55.38,D
sh603301,振德医疗,2025-10-10 09:54:12,55.3,5400,55.3,D
sh603301,振德医疗,2025-10-10 09:54:15,55.27,18400,55.3,D
sh603301,振德医疗,2025-10-10 09:54:18,55.0,101400,55.27,D
sh603301,振德医疗,2025-10-10 09:54:21,55.0,8300,55.0,D
sh603301,振德医疗,2025-10-10 09:54:24,54.83,15200,55.0,D
sh603301,振德医疗,2025-10-10 09:54:27,54.98,20100,54.83,E
sh603301,振德医疗,2025-10-10 09:54:30,55.04,70100,54.98,U
sh603301,振德医疗,2025-10-10 09:54:33,55.3,57900,55.04,U
sh603301,振德医疗,2025-10-10 09:54:36,55.19,13500,55.3,E
sh603301,振德医疗,2025-10-10 09:54:39,55.3,53700,55.19,U
sh603301,振德医疗,2025-10-10 09:54:42,55.3,46100,55.3,D
sh603301,振德医疗,2025-10-10 09:54:45,56.01,30700,55.3,E
sh603301,振德医疗,2025-10-10 09:54:48,56.0,11300,56.01,D
sh603301,振德医疗,2025-10-10 09:54:51,55.4,7500,56.0,E
sh603301,振德医疗,2025-10-10 09:54:54,56.01,24700,55.4,U
sh603301,振德医疗,2025-10-10 09:54:57,55.98,11300,56.01,E
sh603301,振德医疗,2025-10-10 09:55:03,55.97,16800,55.7,E
sh603301,振德医疗,2025-10-10 09:55:06,55.45,5300,55.97,D
sh603301,振德医疗,2025-10-10 09:55:09,55.51,3800,55.45,E
sh603301,振德医疗,2025-10-10 09:55:15,55.97,13000,55.75,U
sh603301,振德医疗,2025-10-10 09:55:18,55.51,18000,55.97,E
sh603301,振德医疗,2025-10-10 09:55:21,55.47,38500,55.51,D
sh603301,振德医疗,2025-10-10 09:55:24,55.47,11100,55.47,U
sh603301,振德医疗,2025-10-10 09:55:27,55.41,3800,55.47,D
sh603301,振德医疗,2025-10-10 09:55:30,55.39,13200,55.41,D
sh603301,振德医疗,2025-10-10 09:55:33,55.33,6100,55.39,D
sh603301,振德医疗,2025-10-10 09:55:36,55.3,22200,55.33,D
sh603301,振德医疗,2025-10-10 09:55:39,55.18,10900,55.3,D
sh603301,振德医疗,2025-10-10 09:55:42,55.01,14600,55.18,D
sh603301,振德医疗,2025-10-10 09:55:45,55.23,10700,55.01,U
sh603301,振德医疗,2025-10-10 09:55:48,55.25,33400,55.23,U
sh603301,振德医疗,2025-10-10 09:55:51,55.16,36900,55.25,D
sh603301,振德医疗,2025-10-10 09:55:54,55.2,7400,55.16,E
sh603301,振德医疗,2025-10-10 09:55:57,55.23,10400,55.2,E
sh603301,振德医疗,2025-10-10 09:56:03,55.21,6000,55.18,E
sh603301,振德医疗,2025-10-10 09:56:06,55.21,23200,55.21,D
sh603301,振德医疗,2025-10-10 09:56:09,55.49,25600,55.21,U
sh603301,振德医疗,2025-10-10 09:56:12,55.51,17600,55.49,U
sh603301,振德医疗,2025-10-10 09:56:15,55.62,13100,55.51,U
sh603301,振德医疗,2025-10-10 09:56:18,55.5,5100,55.62,D
sh603301,振德医疗,2025-10-10 09:56:24,55.51,4800,55.76,D
sh603301,振德医疗,2025-10-10 09:56:27,55.75,27600,55.51,U
sh603301,振德医疗,2025-10-10 09:56:33,55.79,6526,55.75,U
sh603301,振德医疗,2025-10-10 09:56:36,55.8,9980,55.79,E
sh603301,振德医疗,2025-10-10 09:56:39,55.97,5900,55.8,U
sh603301,振德医疗,2025-10-10 09:56:42,55.97,13300,55.97,D
sh603301,振德医疗,2025-10-10 09:56:45,55.97,10000,55.97,D
sh603301,振德医疗,2025-10-10 09:56:48,55.97,4000,55.97,D
sh603301,振德医疗,2025-10-10 09:56:51,55.99,5900,55.97,U
sh603301,振德医疗,2025-10-10 09:56:54,56.0,46000,55.99,U
sh603301,振德医疗,2025-10-10 09:57:00,56.05,9940,56.01,U
sh603301,振德医疗,2025-10-10 09:57:03,56.12,104300,56.05,E
sh603301,振德医疗,2025-10-10 09:57:06,56.2,4200,56.12,U
sh603301,振德医疗,2025-10-10 09:57:09,56.07,9100,56.2,E
sh603301,振德医疗,2025-10-10 09:57:24,56.07,6300,56.0,E
sh603301,振德医疗,2025-10-10 09:57:27,56.0,8300,56.07,D
sh603301,振德医疗,2025-10-10 09:57:36,56.07,8400,56.0,U
sh603301,振德医疗,2025-10-10 09:57:39,56.0,12300,56.07,D
sh603301,振德医疗,2025-10-10 09:57:42,55.99,5100,56.0,D
sh603301,振德医疗,2025-10-10 09:57:45,55.99,64400,55.99,D
sh603301,振德医疗,2025-10-10 09:57:48,55.99,10600,55.99,D
sh603301,振德医疗,2025-10-10 09:57:51,55.93,6260,55.99,D
sh603301,振德医疗,2025-10-10 09:58:03,55.8,12900,55.82,D
sh603301,振德医疗,2025-10-10 09:58:09,55.76,11800,55.82,D
sh603301,振德医疗,2025-10-10 09:58:15,55.94,6700,55.8,U
sh603301,振德医疗,2025-10-10 09:58:18,55.94,3600,55.94,D
sh603301,振德医疗,2025-10-10 09:58:24,55.96,5100,55.94,U
sh603301,振德医疗,2025-10-10 09:58:27,55.94,4200,55.96,D
sh603301,振德医疗,2025-10-10 09:58:30,55.8,47800,55.94,D
sh603301,振德医疗,2025-10-10 09:58:33,55.93,12200,55.8,U
sh603301,振德医疗,2025-10-10 09:58:39,55.93,10800,55.93,U
sh603301,振德医疗,2025-10-10 09:58:42,55.8,19500,55.93,D
sh603301,振德医疗,2025-10-10 09:58:45,55.9,4900,55.8,U
sh603301,振德医疗,2025-10-10 09:58:51,55.93,10700,55.9,U
sh603301,振德医疗,2025-10-10 09:58:54,55.93,4300,55.93,D
sh603301,振德医疗,2025-10-10 09:59:00,55.94,4100,55.93,U
sh603301,振德医疗,2025-10-10 09:59:03,55.94,26900,55.94,U
sh603301,振德医疗,2025-10-10 09:59:06,55.97,11800,55.94,U
sh603301,振德医疗,2025-10-10 09:59:12,56.12,17000,56.0,U
sh603301,振德医疗,2025-10-10 09:59:15,56.2,18500,56.12,U
sh603301,振德医疗,2025-10-10 09:59:18,56.21,8500,56.2,U
sh603301,振德医疗,2025-10-10 09:59:21,56.21,22300,56.21,U
sh603301,振德医疗,2025-10-10 09:59:24,56.21,3700,56.21,D
sh603301,振德医疗,2025-10-10 09:59:27,56.22,6500,56.21,E
sh603301,振德医疗,2025-10-10 09:59:33,56.21,7000,56.22,D
sh603301,振德医疗,2025-10-10 09:59:39,56.2,4000,56.21,E
sh603301,振德医疗,2025-10-10 09:59:42,56.01,5900,56.2,D
sh603301,振德医疗,2025-10-10 09:59:45,56.01,5400,56.01,D
sh603301,振德医疗,2025-10-10 09:59:57,56.15,6000,56.01,U
sh603301,振德医疗,2025-10-10 10:00:00,56.15,22700,56.15,U
sh603301,振德医疗,2025-10-10 10:00:03,56.08,3900,56.15,D
sh603301,振德医疗,2025-10-10 10:00:06,56.08,8200,56.08,U
sh603301,振德医疗,2025-10-10 10:00:09,56.0,18860,56.08,E
sh603301,振德医疗,2025-10-10 10:00:12,55.89,16100,56.0,D
sh603301,振德医疗,2025-10-10 10:00:15,55.71,19100,55.89,D
sh603301,振德医疗,2025-10-10 10:00:18,55.71,5400,55.71,D
sh603301,振德医疗,2025-10-10 10:00:21,55.6,10000,55.71,D
sh603301,振德医疗,2025-10-10 10:00:24,55.6,21000,55.6,U
sh603301,振德医疗,2025-10-10 10:00:27,55.7,16600,55.6,U
sh603301,振德医疗,2025-10-10 10:00:30,55.71,14100,55.7,U
sh603301,振德医疗,2025-10-10 10:00:33,55.91,14400,55.71,U
sh603301,振德医疗,2025-10-10 10:00:45,55.86,7700,55.83,U
sh603301,振德医疗,2025-10-10 10:00:48,55.9,9500,55.86,U
sh603301,振德医疗,2025-10-10 10:00:51,55.83,7400,55.9,D
sh603301,振德医疗,2025-10-10 10:00:54,55.8,5700,55.83,D
sh603301,振德医疗,2025-10-10 10:00:57,55.8,9000,55.8,E
sh603301,振德医疗,2025-10-10 10:01:03,55.81,23400,55.76,U
sh603301,振德医疗,2025-10-10 10:01:06,55.81,9300,55.81,D
sh603301,振德医疗,2025-10-10 10:01:09,55.81,5000,55.81,D
sh603301,振德医疗,2025-10-10 10:01:12,55.81,4600,55.81,D
sh603301,振德医疗,2025-10-10 10:01:15,55.81,4100,55.81,U
sh603301,振德医疗,2025-10-10 10:01:21,55.91,8200,55.91,D
sh603301,振德医疗,2025-10-10 10:01:24,55.89,5800,55.91,E
sh603301,振德医疗,2025-10-10 10:01:30,55.76,5400,55.82,D
sh603301,振德医疗,2025-10-10 10:01:51,55.69,6700,55.67,E
sh603301,振德医疗,2025-10-10 10:01:57,55.69,23000,55.66,U
sh603301,振德医疗,2025-10-10 10:02:00,55.75,23700,55.69,U
sh603301,振德医疗,2025-10-10 10:02:03,55.8,13000,55.75,E
sh603301,振德医疗,2025-10-10 10:02:06,55.81,21900,55.8,U
sh603301,振德医疗,2025-10-10 10:02:12,55.78,4800,55.77,U
sh603301,振德医疗,2025-10-10 10:02:27,55.76,6800,55.76,U
sh603301,振德医疗,2025-10-10 10:02:30,55.7,9200,55.76,D
sh603301,振德医疗,2025-10-10 10:02:33,55.69,4900,55.7,E
sh603301,振德医疗,2025-10-10 10:02:39,55.69,3700,55.69,U
sh603301,振德医疗,2025-10-10 10:02:42,55.67,4300,55.69,D
sh603301,振德医疗,2025-10-10 10:02:48,55.67,4500,55.67,D
sh603301,振德医疗,2025-10-10 10:02:51,55.67,12600,55.67,D
sh603301,振德医疗,2025-10-10 10:02:54,55.68,15100,55.67,U
sh603301,振德医疗,2025-10-10 10:02:57,55.66,63900,55.68,D
sh603301,振德医疗,2025-10-10 10:03:00,55.6,16100,55.66,D
sh603301,振德医疗,2025-10-10 10:03:03,55.58,47600,55.6,D
sh603301,振德医疗,2025-10-10 10:03:06,55.5,49400,55.58,D
sh603301,振德医疗,2025-10-10 10:03:09,55.44,6500,55.5,D
sh603301,振德医疗,2025-10-10 10:03:15,55.3,15700,55.31,D
sh603301,振德医疗,2025-10-10 10:03:18,55.2,31000,55.3,D
sh603301,振德医疗,2025-10-10 10:03:21,55.15,34200,55.2,D
sh603301,振德医疗,2025-10-10 10:03:24,55.13,13100,55.15,D
sh603301,振德医疗,2025-10-10 10:03:27,55.1,13900,55.13,D
sh603301,振德医疗,2025-10-10 10:03:30,55.12,24400,55.1,U
sh603301,振德医疗,2025-10-10 10:03:33,55.1,25400,55.12,D
sh603301,振德医疗,2025-10-10 10:03:36,55.1,4800,55.1,U
sh603301,振德医疗,2025-10-10 10:03:39,55.09,5400,55.1,E
sh603301,振德医疗,2025-10-10 10:03:42,55.05,4200,55.09,D
sh603301,振德医疗,2025-10-10 10:03:45,55.0,12500,55.05,D
sh603301,振德医疗,2025-10-10 10:03:48,55.0,9500,55.0,D
sh603301,振德医疗,2025-10-10 10:03:51,54.96,16300,55.0,D
sh603301,振德医疗,2025-10-10 10:04:03,54.75,7500,54.8,D
sh603301,振德医疗,2025-10-10 10:04:06,54.79,39300,54.75,U
sh603301,振德医疗,2025-10-10 10:04:09,54.8,24200,54.79,D
sh603301,振德医疗,2025-10-10 10:04:12,54.92,33400,54.8,U
sh603301,振德医疗,2025-10-10 10:04:15,54.93,8800,54.92,E
sh603301,振德医疗,2025-10-10 10:04:18,55.0,17600,54.93,U
sh603301,振德医疗,2025-10-10 10:04:21,55.0,22300,55.0,U
sh603301,振德医疗,2025-10-10 10:04:24,54.86,11300,55.0,D
sh603301,振德医疗,2025-10-10 10:04:27,54.86,9100,54.86,U
sh603301,振德医疗,2025-10-10 10:04:33,54.81,12300,54.86,D
sh603301,振德医疗,2025-10-10 10:04:36,54.83,4300,54.81,U
sh603301,振德医疗,2025-10-10 10:04:42,54.85,39500,54.81,U
sh603301,振德医疗,2025-10-10 10:04:45,54.86,69500,54.85,D
sh603301,振德医疗,2025-10-10 10:04:48,54.86,6200,54.86,D
sh603301,振德医疗,2025-10-10 10:04:51,54.81,14500,54.86,D
sh603301,振德医疗,2025-10-10 10:04:57,54.91,23500,54.86,U
sh603301,振德医疗,2025-10-10 10:05:00,54.93,14200,54.91,U
sh603301,振德医疗,2025-10-10 10:05:03,54.94,10500,54.93,U
sh603301,振德医疗,2025-10-10 10:05:06,54.91,5400,54.94,D
sh603301,振德医疗,2025-10-10 10:05:09,54.91,31800,54.91,U
sh603301,振德医疗,2025-10-10 10:05:18,54.94,10200,54.9,U
sh603301,振德医疗,2025-10-10 10:05:24,54.89,6000,54.86,U
sh603301,振德医疗,2025-10-10 10:05:30,54.83,3800,54.83,U
sh603301,振德医疗,2025-10-10 10:05:36,54.8,26600,54.82,D
sh603301,振德医疗,2025-10-10 10:05:39,54.8,7800,54.8,D
sh603301,振德医疗,2025-10-10 10:05:42,54.8,11500,54.8,D
sh603301,振德医疗,2025-10-10 10:05:45,54.8,20010,54.8,D
sh603301,振德医疗,2025-10-10 10:05:48,54.8,32000,54.8,D
sh603301,振德医疗,2025-10-10 10:05:51,54.79,16790,54.8,D
sh603301,振德医疗,2025-10-10 10:05:54,54.76,6600,54.79,D
sh603301,振德医疗,2025-10-10 10:06:06,54.74,18500,54.65,U
sh603301,振德医疗,2025-10-10 10:06:09,54.49,24000,54.74,D
sh603301,振德医疗,2025-10-10 10:06:18,54.4,4800,54.44,E
sh603301,振德医疗,2025-10-10 10:06:21,54.41,35100,54.4,E
sh603301,振德医疗,2025-10-10 10:06:24,54.58,24500,54.41,U
sh603301,振德医疗,2025-10-10 10:06:27,54.41,18300,54.58,D
sh603301,振德医疗,2025-10-10 10:06:30,54.43,9800,54.41,E
sh603301,振德医疗,2025-10-10 10:06:33,54.47,13400,54.43,E
sh603301,振德医疗,2025-10-10 10:06:36,54.43,5400,54.47,D
sh603301,振德医疗,2025-10-10 10:06:39,54.43,8600,54.43,U
sh603301,振德医疗,2025-10-10 10:06:42,54.41,9100,54.43,D
sh603301,振德医疗,2025-10-10 10:06:45,54.41,6200,54.41,D
sh603301,振德医疗,2025-10-10 10:06:48,54.38,4300,54.41,D
sh603301,振德医疗,2025-10-10 10:06:51,54.4,10900,54.38,U
sh603301,振德医疗,2025-10-10 10:06:54,54.41,36900,54.4,U
sh603301,振德医疗,2025-10-10 10:06:57,54.38,35809,54.41,D
sh603301,振德医疗,2025-10-10 10:07:00,54.38,94900,54.38,U
sh603301,振德医疗,2025-10-10 10:07:03,54.86,38200,54.38,U
sh603301,振德医疗,2025-10-10 10:07:06,54.93,13400,54.86,U
sh603301,振德医疗,2025-10-10 10:07:09,54.41,25300,54.93,D
sh603301,振德医疗,2025-10-10 10:07:12,54.99,10900,54.41,U
sh603301,振德医疗,2025-10-10 10:07:18,55.09,19740,54.98,U
sh603301,振德医疗,2025-10-10 10:07:21,55.11,4800,55.09,U
sh603301,振德医疗,2025-10-10 10:07:27,55.12,4300,55.11,U
sh603301,振德医疗,2025-10-10 10:07:30,55.12,9800,55.12,U
sh603301,振德医疗,2025-10-10 10:07:39,55.37,4100,55.36,U
sh603301,振德医疗,2025-10-10 10:07:42,55.35,5400,55.37,E
sh603301,振德医疗,2025-10-10 10:07:45,55.29,3900,55.35,D
sh603301,振德医疗,2025-10-10 10:07:48,55.28,4500,55.29,D
sh603301,振德医疗,2025-10-10 10:07:54,55.25,6000,55.27,E
sh603301,振德医疗,2025-10-10 10:07:57,55.12,7400,55.25,D
sh603301,振德医疗,2025-10-10 10:08:00,55.15,3900,55.12,E
sh603301,振德医疗,2025-10-10 10:08:06,55.1,12300,55.12,D
sh603301,振德医疗,2025-10-10 10:08:12,55.09,6100,55.0,E
sh603301,振德医疗,2025-10-10 10:08:15,55.09,8500,55.09,D
sh603301,振德医疗,2025-10-10 10:08:18,55.18,10700,55.09,U
sh603301,振德医疗,2025-10-10 10:08:21,55.29,7200,55.18,U
sh603301,振德医疗,2025-10-10 10:08:36,55.46,4400,55.36,U
sh603301,振德医疗,2025-10-10 10:08:39,55.52,5000,55.46,U
sh603301,振德医疗,2025-10-10 10:08:51,55.68,8800,55.53,U
sh603301,振德医疗,2025-10-10 10:09:03,55.56,6500,55.56,U
sh603301,振德医疗,2025-10-10 10:09:09,55.56,5100,55.55,U
sh603301,振德医疗,2025-10-10 10:09:24,55.35,4700,55.41,D
sh603301,振德医疗,2025-10-10 10:09:27,55.29,4100,55.35,D
sh603301,振德医疗,2025-10-10 10:09:42,55.24,6500,55.25,D
sh603301,振德医疗,2025-10-10 10:09:45,55.27,11600,55.24,U
sh603301,振德医疗,2025-10-10 10:09:48,55.24,4600,55.27,D
sh603301,振德医疗,2025-10-10 10:09:51,55.29,21700,55.24,U
sh603301,振德医疗,2025-10-10 10:10:03,55.24,4700,55.27,D
sh603301,振德医疗,2025-10-10 10:10:15,55.23,3700,55.27,D
sh603301,振德医疗,2025-10-10 10:10:21,55.05,3900,55.04,E
sh603301,振德医疗,2025-10-10 10:10:24,55.0,4200,55.05,D
sh603301,振德医疗,2025-10-10 10:10:30,55.17,9800,55.0,U
sh603301,振德医疗,2025-10-10 10:10:33,55.29,4900,55.17,U
sh603301,振德医疗,2025-10-10 10:10:36,55.17,8200,55.29,D
sh603301,振德医疗,2025-10-10 10:10:54,55.35,4900,55.29,U
sh603301,振德医疗,2025-10-10 10:11:12,55.36,5400,55.32,U
sh603301,振德医疗,2025-10-10 10:11:27,55.58,30900,55.5,U
sh603301,振德医疗,2025-10-10 10:11:30,55.67,4300,55.58,U
sh603301,振德医疗,2025-10-10 10:11:36,55.56,8600,55.68,D
sh603301,振德医疗,2025-10-10 10:11:42,55.68,5300,55.58,U
sh603301,振德医疗,2025-10-10 10:12:03,55.74,6200,55.75,D
sh603301,振德医疗,2025-10-10 10:12:06,55.74,6800,55.74,U
sh603301,振德医疗,2025-10-10 10:12:09,55.75,32800,55.74,U
sh603301,振德医疗,2025-10-10 10:12:21,55.76,10800,55.57,U
sh603301,振德医疗,2025-10-10 10:12:27,55.79,4300,55.76,U
sh603301,振德医疗,2025-10-10 10:12:36,56.0,16200,55.79,U
sh603301,振德医疗,2025-10-10 10:12:39,55.99,24400,56.0,E
sh603301,振德医疗,2025-10-10 10:12:42,55.99,4200,55.99,U
sh603301,振德医疗,2025-10-10 10:12:48,56.19,14200,56.0,U
sh603301,振德医疗,2025-10-10 10:13:00,56.29,10000,56.18,U
sh603301,振德医疗,2025-10-10 10:13:03,56.15,9100,56.29,D
sh603301,振德医疗,2025-10-10 10:13:06,56.32,65800,56.15,U
sh603301,振德医疗,2025-10-10 10:13:12,56.13,3700,56.14,E
sh603301,振德医疗,2025-10-10 10:13:15,56.13,24900,56.13,U
sh603301,振德医疗,2025-10-10 10:13:21,55.87,47900,55.87,D
sh603301,振德医疗,2025-10-10 10:13:33,55.87,16700,55.88,D
sh603301,振德医疗,2025-10-10 10:13:54,55.83,5000,55.87,D
sh603301,振德医疗,2025-10-10 10:14:54,55.6,32800,55.6,U
sh603301,振德医疗,2025-10-10 10:15:00,55.46,7800,55.55,D
sh603301,振德医疗,2025-10-10 10:15:06,55.46,5600,55.46,U
sh603301,振德医疗,2025-10-10 10:15:18,55.46,4400,55.46,U
sh603301,振德医疗,2025-10-10 10:15:33,55.4,18400,55.55,D
sh603301,振德医疗,2025-10-10 10:15:36,55.55,4900,55.4,U
sh603301,振德医疗,2025-10-10 10:16:03,55.3,19700,55.41,D
sh603301,振德医疗,2025-10-10 10:16:21,55.21,7500,55.21,D
sh603301,振德医疗,2025-10-10 10:16:24,55.24,4700,55.21,E
sh603301,振德医疗,2025-10-10 10:16:48,55.37,20200,55.37,U
sh603301,振德医疗,2025-10-10 10:16:51,55.4,23200,55.37,U
sh603301,振德医疗,2025-10-10 10:17:03,55.41,18600,55.41,U
sh603301,振德医疗,2025-10-10 10:17:27,55.46,7200,55.52,D
sh603301,振德医疗,2025-10-10 10:17:39,55.5,4500,55.51,E
sh603301,振德医疗,2025-10-10 10:17:42,55.46,5200,55.5,D
sh603301,振德医疗,2025-10-10 10:18:12,55.49,5500,55.51,D
sh603301,振德医疗,2025-10-10 10:18:18,55.56,4200,55.49,U
sh603301,振德医疗,2025-10-10 10:18:27,55.6,22100,55.6,U
sh603301,振德医疗,2025-10-10 10:18:30,55.6,13000,55.6,U
sh603301,振德医疗,2025-10-10 10:18:48,55.76,8000,55.63,U
sh603301,振德医疗,2025-10-10 10:18:57,55.76,10000,55.79,D
sh603301,振德医疗,2025-10-10 10:19:12,55.76,6500,55.84,D
sh603301,振德医疗,2025-10-10 10:19:15,55.63,6600,55.76,E
sh603301,振德医疗,2025-10-10 10:19:18,55.63,8000,55.63,D
sh603301,振德医疗,2025-10-10 10:19:21,55.61,21300,55.63,E
sh603301,振德医疗,2025-10-10 10:19:33,55.6,13100,55.6,U
sh603301,振德医疗,2025-10-10 10:19:42,55.52,6700,55.59,D
sh603301,振德医疗,2025-10-10 10:19:45,55.59,10000,55.52,U
sh603301,振德医疗,2025-10-10 10:20:12,55.72,12000,55.6,U
sh603301,振德医疗,2025-10-10 10:20:15,55.75,4000,55.72,U
sh603301,振德医疗,2025-10-10 10:20:27,55.6,4000,55.73,D
sh603301,振德医疗,2025-10-10 10:20:30,55.58,6100,55.6,D
sh603301,振德医疗,2025-10-10 10:20:48,55.72,10300,55.59,U
sh603301,振德医疗,2025-10-10 10:21:21,55.78,7800,55.65,U
sh603301,振德医疗,2025-10-10 10:21:36,55.79,5600,55.78,U
sh603301,振德医疗,2025-10-10 10:21:42,55.87,4000,55.84,U
sh603301,振德医疗,2025-10-10 10:21:45,55.87,4700,55.87,U
sh603301,振德医疗,2025-10-10 10:22:27,56.02,13100,56.0,U
sh603301,振德医疗,2025-10-10 10:22:30,56.02,20700,56.02,U
sh603301,振德医疗,2025-10-10 10:22:39,56.2,3900,56.03,E
sh603301,振德医疗,2025-10-10 10:22:48,56.04,4700,56.13,D
sh603301,振德医疗,2025-10-10 10:22:51,56.2,103300,56.04,U
sh603301,振德医疗,2025-10-10 10:22:54,56.04,5900,56.2,D
sh603301,振德医疗,2025-10-10 10:23:00,56.04,6000,56.03,U
sh603301,振德医疗,2025-10-10 10:23:03,56.04,3800,56.04,D
sh603301,振德医疗,2025-10-10 10:23:33,56.3,20200,56.19,U
sh603301,振德医疗,2025-10-10 10:23:36,56.3,4600,56.3,U
sh603301,振德医疗,2025-10-10 10:23:39,56.2,10000,56.3,D
sh603301,振德医疗,2025-10-10 10:23:42,56.18,21800,56.2,D
sh603301,振德医疗,2025-10-10 10:23:45,56.18,4000,56.18,U
sh603301,振德医疗,2025-10-10 10:23:48,56.18,4900,56.18,U
sh603301,振德医疗,2025-10-10 10:23:51,56.17,51100,56.18,D
sh603301,振德医疗,2025-10-10 10:23:54,56.18,21500,56.17,U
sh603301,振德医疗,2025-10-10 10:23:57,56.3,4000,56.18,U
sh603301,振德医疗,2025-10-10 10:24:00,56.32,4300,56.3,U
sh603301,振德医疗,2025-10-10 10:24:09,56.32,5400,56.32,U
sh603301,振德医疗,2025-10-10 10:24:12,56.36,9800,56.32,U
sh603301,振德医疗,2025-10-10 10:24:18,56.36,4500,56.36,U
sh603301,振德医疗,2025-10-10 10:24:30,56.36,4400,56.35,U
sh603301,振德医疗,2025-10-10 10:24:45,56.38,5300,56.38,U
sh603301,振德医疗,2025-10-10 10:24:54,56.36,3700,56.36,E
sh603301,振德医疗,2025-10-10 10:25:15,56.18,55500,56.29,D
sh603301,振德医疗,2025-10-10 10:25:18,56.18,6300,56.18,U
sh603301,振德医疗,2025-10-10 10:25:21,56.17,11700,56.18,D
sh603301,振德医疗,2025-10-10 10:25:30,56.1,20400,56.17,D
sh603301,振德医疗,2025-10-10 10:25:39,56.05,13100,56.06,D
sh603301,振德医疗,2025-10-10 10:25:57,56.01,5100,56.0,U
sh603301,振德医疗,2025-10-10 10:26:00,56.04,4900,56.01,U
sh603301,振德医疗,2025-10-10 10:26:03,56.0,7700,56.04,D
sh603301,振德医疗,2025-10-10 10:26:30,55.96,5500,55.95,D
sh603301,振德医疗,2025-10-10 10:26:51,55.97,13200,55.93,U
sh603301,振德医疗,2025-10-10 10:26:57,56.0,5500,55.98,U
sh603301,振德医疗,2025-10-10 10:27:06,56.04,5200,56.04,U
sh603301,振德医疗,2025-10-10 10:27:18,56.0,7900,56.04,D
sh603301,振德医疗,2025-10-10 10:27:30,56.04,11100,56.04,U
sh603301,振德医疗,2025-10-10 10:28:03,56.04,19900,55.95,U
sh603301,振德医疗,2025-10-10 10:28:36,56.04,15000,56.04,U
sh603301,振德医疗,2025-10-10 10:28:51,56.11,8400,56.01,U
sh603301,振德医疗,2025-10-10 10:28:54,56.18,4300,56.11,U
sh603301,振德医疗,2025-10-10 10:29:00,56.12,3900,56.18,D
sh603301,振德医疗,2025-10-10 10:29:48,56.3,4900,56.3,U
sh603301,振德医疗,2025-10-10 10:29:51,56.33,10300,56.3,U
sh603301,振德医疗,2025-10-10 10:29:57,56.36,5274,56.31,U
sh603301,振德医疗,2025-10-10 10:30:21,56.34,13100,56.37,D
sh603301,振德医疗,2025-10-10 10:30:24,56.38,10600,56.34,U
sh603301,振德医疗,2025-10-10 10:30:30,56.38,10900,56.34,U
sh603301,振德医疗,2025-10-10 10:30:33,56.38,7100,56.38,D
sh603301,振德医疗,2025-10-10 10:30:39,56.33,9091,56.4,D
sh603301,振德医疗,2025-10-10 10:31:09,56.3,11631,56.34,D
sh603301,振德医疗,2025-10-10 10:31:45,56.27,7000,56.27,D
sh603301,振德医疗,2025-10-10 10:32:00,56.43,71080,56.36,U
sh603301,振德医疗,2025-10-10 10:32:03,56.45,26400,56.43,U
sh603301,振德医疗,2025-10-10 10:32:06,56.42,13600,56.45,D
sh603301,振德医疗,2025-10-10 10:34:12,56.37,3800,56.37,U
sh603301,振德医疗,2025-10-10 10:34:45,56.38,4100,56.38,D
sh603301,振德医疗,2025-10-10 10:35:09,56.22,10500,56.3,D
sh603301,振德医疗,2025-10-10 10:35:12,56.12,12000,56.22,D
sh603301,振德医疗,2025-10-10 10:36:27,56.33,4600,56.22,U
sh603301,振德医疗,2025-10-10 10:36:30,56.38,6500,56.33,U
sh603301,振德医疗,2025-10-10 10:36:36,56.39,3700,56.39,U
sh603301,振德医疗,2025-10-10 10:36:42,56.4,36600,56.4,U
sh603301,振德医疗,2025-10-10 10:37:12,56.4,72600,56.38,U
sh603301,振德医疗,2025-10-10 10:37:18,56.42,3900,56.42,U
sh603301,振德医疗,2025-10-10 10:37:21,56.43,5500,56.42,U
sh603301,振德医疗,2025-10-10 10:37:27,56.44,4900,56.41,U
sh603301,振德医疗,2025-10-10 10:37:30,56.42,4300,56.44,E
sh603301,振德医疗,2025-10-10 10:37:39,56.45,7100,56.44,U
sh603301,振德医疗,2025-10-10 10:37:42,56.45,22600,56.45,U
sh603301,振德医疗,2025-10-10 10:37:45,56.45,22000,56.45,U
sh603301,振德医疗,2025-10-10 10:37:48,56.44,12700,56.45,D
sh603301,振德医疗,2025-10-10 10:37:51,56.45,12500,56.44,U
sh603301,振德医疗,2025-10-10 10:37:54,56.46,21900,56.45,U
sh603301,振德医疗,2025-10-10 10:37:57,56.46,21400,56.46,U
sh603301,振德医疗,2025-10-10 10:38:00,56.44,7400,56.46,D
sh603301,振德医疗,2025-10-10 10:38:03,56.44,13700,56.44,U
sh603301,振德医疗,2025-10-10 10:38:06,56.41,8800,56.44,D
sh603301,振德医疗,2025-10-10 10:38:09,56.4,14000,56.41,D
sh603301,振德医疗,2025-10-10 10:38:12,56.44,12500,56.4,U
sh603301,振德医疗,2025-10-10 10:38:18,56.45,3700,56.44,U
sh603301,振德医疗,2025-10-10 10:38:24,56.46,90200,56.46,U
sh603301,振德医疗,2025-10-10 10:38:27,56.46,9600,56.46,U
sh603301,振德医疗,2025-10-10 10:38:30,56.45,12400,56.46,D
sh603301,振德医疗,2025-10-10 10:38:33,56.46,7400,56.45,U
sh603301,振德医疗,2025-10-10 10:38:39,56.44,4900,56.46,D
sh603301,振德医疗,2025-10-10 10:39:09,56.41,4600,56.42,D
sh603301,振德医疗,2025-10-10 10:39:57,56.4,8200,56.33,U
sh603301,振德医疗,2025-10-10 10:40:18,56.33,7100,56.29,U
sh603301,振德医疗,2025-10-10 10:43:12,56.35,6200,56.35,U
sh603301,振德医疗,2025-10-10 10:43:15,56.35,8800,56.35,D
sh603301,振德医疗,2025-10-10 10:43:27,56.41,7100,56.4,U
sh603301,振德医疗,2025-10-10 10:43:54,56.41,4200,56.4,U
sh603301,振德医疗,2025-10-10 10:43:57,56.4,21800,56.41,D
sh603301,振德医疗,2025-10-10 10:44:00,56.42,3900,56.4,D
sh603301,振德医疗,2025-10-10 10:44:03,56.45,4300,56.42,U
sh603301,振德医疗,2025-10-10 10:44:06,56.45,7000,56.45,U
sh603301,振德医疗,2025-10-10 10:44:18,56.44,3900,56.44,D
sh603301,振德医疗,2025-10-10 10:44:30,56.4,5300,56.43,D
sh603301,振德医疗,2025-10-10 10:44:42,56.43,6200,56.43,U
sh603301,振德医疗,2025-10-10 10:45:03,56.46,12700,56.45,U
sh603301,振德医疗,2025-10-10 10:45:27,56.45,4900,56.43,U
sh603301,振德医疗,2025-10-10 10:45:54,56.44,3600,56.45,D
sh603301,振德医疗,2025-10-10 10:46:12,56.43,6100,56.4,U
sh603301,振德医疗,2025-10-10 10:46:45,56.41,4300,56.42,E
sh603301,振德医疗,2025-10-10 10:47:09,56.29,4600,56.42,E
sh603301,振德医疗,2025-10-10 10:47:51,56.44,9000,56.43,U
sh603301,振德医疗,2025-10-10 10:48:18,56.44,3700,56.45,D
sh603301,振德医疗,2025-10-10 10:48:45,56.44,8500,56.45,D
sh603301,振德医疗,2025-10-10 10:48:54,56.45,4900,56.44,U
sh603301,振德医疗,2025-10-10 10:49:27,56.45,9200,56.44,U
sh603301,振德医疗,2025-10-10 10:51:09,56.31,8000,56.35,D
sh603301,振德医疗,2025-10-10 10:51:36,56.31,7694,56.31,D
sh603301,振德医疗,2025-10-10 10:51:57,56.34,4800,56.34,U
sh603301,振德医疗,2025-10-10 10:53:54,56.28,5476,56.21,U
sh603301,振德医疗,2025-10-10 10:54:03,56.33,4800,56.31,U
sh603301,振德医疗,2025-10-10 10:54:27,56.4,51200,56.34,U
sh603301,振德医疗,2025-10-10 10:54:45,56.45,44600,56.41,U
sh603301,振德医疗,2025-10-10 10:57:15,56.41,30000,56.4,U
sh603301,振德医疗,2025-10-10 10:57:33,56.45,5500,56.44,U
sh603301,振德医疗,2025-10-10 10:57:45,56.45,18000,56.45,U
sh603301,振德医疗,2025-10-10 10:57:48,56.45,4500,56.45,U
sh603301,振德医疗,2025-10-10 10:57:57,56.46,5100,56.45,U
sh603301,振德医疗,2025-10-10 11:00:27,56.31,7600,56.32,D
sh603301,振德医疗,2025-10-10 11:01:21,56.45,5000,56.44,U
sh603301,振德医疗,2025-10-10 11:01:36,56.44,3800,56.44,D
sh603301,振德医疗,2025-10-10 11:02:03,56.45,17000,56.43,U
sh603301,振德医疗,2025-10-10 11:02:06,56.45,6700,56.45,U
sh603301,振德医疗,2025-10-10 11:02:09,56.45,5600,56.45,U
sh603301,振德医疗,2025-10-10 11:02:12,56.46,8500,56.45,U
sh603301,振德医疗,2025-10-10 11:02:15,56.46,4900,56.46,U
sh603301,振德医疗,2025-10-10 11:03:03,56.45,7100,56.45,U
sh603301,振德医疗,2025-10-10 11:05:30,56.46,170000,56.41,U
sh603301,振德医疗,2025-10-10 11:05:33,56.43,9000,56.46,D
sh603301,振德医疗,2025-10-10 11:05:36,56.46,7900,56.43,U
sh603301,振德医疗,2025-10-10 11:05:45,56.46,6400,56.46,U
sh603301,振德医疗,2025-10-10 11:05:57,56.45,6600,56.46,D
sh603301,振德医疗,2025-10-10 11:06:00,56.45,5100,56.45,U
sh603301,振德医疗,2025-10-10 11:06:27,56.46,4700,56.45,U
sh603301,振德医疗,2025-10-10 11:06:36,56.45,4100,56.46,D
sh603301,振德医疗,2025-10-10 11:06:39,56.46,11600,56.45,U
sh603301,振德医疗,2025-10-10 11:06:42,56.46,5000,56.46,U
sh603301,振德医疗,2025-10-10 11:07:00,56.45,5700,56.46,D
sh603301,振德医疗,2025-10-10 11:07:12,56.46,4700,56.45,U
sh603301,振德医疗,2025-10-10 11:07:24,56.46,13300,56.46,U
sh603301,振德医疗,2025-10-10 11:07:45,56.46,21200,56.46,U
sh603301,振德医疗,2025-10-10 11:07:48,56.46,6200,56.46,U
sh603301,振德医疗,2025-10-10 11:07:54,56.45,5700,56.46,D
sh603301,振德医疗,2025-10-10 11:08:00,56.46,4900,56.46,U
sh603301,振德医疗,2025-10-10 11:08:03,56.46,3600,56.46,U
sh603301,振德医疗,2025-10-10 11:08:21,56.46,5700,56.46,U
sh603301,振德医疗,2025-10-10 11:08:33,56.46,45100,56.46,U
sh603301,振德医疗,2025-10-10 11:08:36,56.46,42418,56.46,U
sh603301,振德医疗,2025-10-10 11:08:48,56.46,6300,56.46,D
sh603301,振德医疗,2025-10-10 11:09:30,56.46,390000,56.46,D
sh603301,振德医疗,2025-10-10 11:09:45,56.46,21700,56.46,U
sh603301,振德医疗,2025-10-10 11:10:18,56.43,6800,56.43,D
sh603301,振德医疗,2025-10-10 11:10:21,56.43,6200,56.43,D
sh603301,振德医疗,2025-10-10 11:10:24,56.42,5700,56.43,E
sh603301,振德医疗,2025-10-10 11:11:15,56.38,7700,56.38,D
sh603301,振德医疗,2025-10-10 11:11:18,56.38,6500,56.38,D
sh603301,振德医疗,2025-10-10 11:11:42,56.33,4100,56.35,D
sh603301,振德医疗,2025-10-10 11:12:03,56.31,4400,56.31,D
sh603301,振德医疗,2025-10-10 11:12:39,56.44,3900,56.45,D
sh603301,振德医疗,2025-10-10 11:13:03,56.44,3800,56.44,D
sh603301,振德医疗,2025-10-10 11:13:48,56.44,4300,56.44,D
sh603301,振德医疗,2025-10-10 11:14:03,56.46,15800,56.46,U
sh603301,振德医疗,2025-10-10 11:14:15,56.46,3600,56.46,U
sh603301,振德医疗,2025-10-10 11:14:21,56.46,4100,56.46,U
sh603301,振德医疗,2025-10-10 11:14:30,56.46,15400,56.46,U
sh603301,振德医疗,2025-10-10 11:14:45,56.45,8400,56.46,D
sh603301,振德医疗,2025-10-10 11:15:30,56.44,5600,56.45,D
sh603301,振德医疗,2025-10-10 11:15:33,56.43,10300,56.44,D
sh603301,振德医疗,2025-10-10 11:16:24,56.45,4000,56.43,U
sh603301,振德医疗,2025-10-10 11:16:27,56.45,13100,56.45,U
sh603301,振德医疗,2025-10-10 11:16:33,56.45,7200,56.45,D
sh603301,振德医疗,2025-10-10 11:16:45,56.45,9000,56.45,D
sh603301,振德医疗,2025-10-10 11:17:00,56.44,24300,56.46,D
sh603301,振德医疗,2025-10-10 11:17:03,56.45,4500,56.44,U
sh603301,振德医疗,2025-10-10 11:18:12,56.43,10100,56.43,D
sh603301,振德医疗,2025-10-10 11:19:00,56.27,8500,56.33,D
sh603301,振德医疗,2025-10-10 11:19:21,56.2,9118,56.26,D
sh603301,振德医疗,2025-10-10 11:20:18,56.11,3700,56.17,D
sh603301,振德医疗,2025-10-10 11:20:36,55.97,5000,56.1,D
sh603301,振德医疗,2025-10-10 11:20:48,56.0,3600,55.97,U
sh603301,振德医疗,2025-10-10 11:20:51,56.09,13100,56.0,U
sh603301,振德医疗,2025-10-10 11:20:54,56.1,12100,56.09,U
sh603301,振德医疗,2025-10-10 11:21:21,56.12,4700,56.15,D
sh603301,振德医疗,2025-10-10 11:21:36,56.0,4300,56.1,D
sh603301,振德医疗,2025-10-10 11:22:27,55.99,8100,55.96,U
sh603301,振德医疗,2025-10-10 11:22:30,55.99,10500,55.99,D
sh603301,振德医疗,2025-10-10 11:22:42,56.09,5200,56.09,D
sh603301,振德医疗,2025-10-10 11:23:24,55.96,5800,55.96,U
sh603301,振德医疗,2025-10-10 11:23:27,55.95,7300,55.96,D
sh603301,振德医疗,2025-10-10 11:23:45,55.91,5200,55.91,D
sh603301,振德医疗,2025-10-10 11:23:48,55.93,6300,55.91,U
sh603301,振德医疗,2025-10-10 11:24:24,55.89,11000,55.91,D
sh603301,振德医疗,2025-10-10 11:24:33,55.81,10900,55.84,D
sh603301,振德医疗,2025-10-10 11:24:57,55.75,13600,55.75,D
sh603301,振德医疗,2025-10-10 11:25:06,55.75,8000,55.74,U
sh603301,振德医疗,2025-10-10 11:25:09,55.82,8000,55.75,U
sh603301,振德医疗,2025-10-10 11:25:12,55.89,5800,55.82,U
sh603301,振德医疗,2025-10-10 11:25:21,55.93,3600,55.92,U
sh603301,振德医疗,2025-10-10 11:25:48,56.18,21000,56.06,U
sh603301,振德医疗,2025-10-10 11:26:03,56.18,4400,56.18,D
sh603301,振德医疗,2025-10-10 11:26:09,56.24,12582,56.18,U
sh603301,振德医疗,2025-10-10 11:26:30,56.29,5800,56.26,U
sh603301,振德医疗,2025-10-10 11:26:51,56.3,5800,56.28,U
sh603301,振德医疗,2025-10-10 11:27:09,56.33,12500,56.3,E
sh603301,振德医疗,2025-10-10 11:27:27,56.45,37700,56.33,U
sh603301,振德医疗,2025-10-10 11:27:42,56.45,9600,56.45,D
sh603301,振德医疗,2025-10-10 11:27:51,56.38,5200,56.45,D
sh603301,振德医疗,2025-10-10 11:29:00,56.31,11400,56.3,U
sh603301,振德医疗,2025-10-10 11:29:03,56.33,3700,56.31,U
sh603301,振德医疗,2025-10-10 11:29:18,56.31,8600,56.33,D
sh603301,振德医疗,2025-10-10 11:29:27,56.33,9700,56.3,U
sh603301,振德医疗,2025-10-10 11:29:30,56.33,3700,56.33,D
sh603301,振德医疗,2025-10-10 11:29:51,56.35,18400,56.33,U
sh603301,振德医疗,2025-10-10 13:00:00,56.33,5800,56.33,D
sh603301,振德医疗,2025-10-10 13:00:03,56.33,5800,56.33,D
sh603301,振德医疗,2025-10-10 13:00:06,56.33,31800,56.33,D
sh603301,振德医疗,2025-10-10 13:00:09,56.3,12800,56.33,E
sh603301,振德医疗,2025-10-10 13:00:12,56.24,17418,56.3,D
sh603301,振德医疗,2025-10-10 13:00:15,56.18,10800,56.24,D
sh603301,振德医疗,2025-10-10 13:00:24,56.05,4800,56.1,D
sh603301,振德医疗,2025-10-10 13:00:27,55.89,30400,56.05,D
sh603301,振德医疗,2025-10-10 13:00:33,55.81,30100,55.88,D
sh603301,振德医疗,2025-10-10 13:00:36,55.66,11700,55.81,D
sh603301,振德医疗,2025-10-10 13:00:42,55.46,4500,55.54,D
sh603301,振德医疗,2025-10-10 13:00:48,55.3,6600,55.4,D
sh603301,振德医疗,2025-10-10 13:00:51,55.28,9600,55.3,D
sh603301,振德医疗,2025-10-10 13:00:57,55.26,4600,55.29,D
sh603301,振德医疗,2025-10-10 13:01:03,55.23,4500,55.3,D
sh603301,振德医疗,2025-10-10 13:01:06,55.26,5400,55.23,U
sh603301,振德医疗,2025-10-10 13:01:09,55.26,4000,55.26,U
sh603301,振德医疗,2025-10-10 13:01:12,55.25,6000,55.26,D
sh603301,振德医疗,2025-10-10 13:01:15,55.25,5800,55.25,D
sh603301,振德医疗,2025-10-10 13:01:18,55.26,3800,55.25,U
sh603301,振德医疗,2025-10-10 13:01:21,55.3,13600,55.26,U
sh603301,振德医疗,2025-10-10 13:01:33,55.31,4900,55.29,U
sh603301,振德医疗,2025-10-10 13:01:48,55.34,4600,55.39,D
sh603301,振德医疗,2025-10-10 13:01:54,56.33,14400,55.34,U
sh603301,振德医疗,2025-10-10 13:02:00,55.73,4400,56.32,U
sh603301,振德医疗,2025-10-10 13:02:27,55.65,3700,55.65,D
sh603301,振德医疗,2025-10-10 13:02:33,55.56,10400,55.65,D
sh603301,振德医疗,2025-10-10 13:02:36,55.53,9300,55.56,D
sh603301,振德医疗,2025-10-10 13:03:03,55.6,4800,55.62,D
sh603301,振德医疗,2025-10-10 13:03:45,55.95,3700,55.81,U
sh603301,振德医疗,2025-10-10 13:05:00,55.99,10500,55.86,U
sh603301,振德医疗,2025-10-10 13:05:03,55.8,9800,55.99,D
sh603301,振德医疗,2025-10-10 13:05:48,55.82,4700,55.82,D
sh603301,振德医疗,2025-10-10 13:05:54,55.83,3600,55.82,D
sh603301,振德医疗,2025-10-10 13:06:30,55.67,7900,55.68,D
sh603301,振德医疗,2025-10-10 13:06:39,55.83,10400,55.67,U
sh603301,振德医疗,2025-10-10 13:06:42,55.96,3600,55.83,U
sh603301,振德医疗,2025-10-10 13:07:03,55.95,5000,56.16,D
sh603301,振德医疗,2025-10-10 13:08:18,55.96,9100,56.0,D
sh603301,振德医疗,2025-10-10 13:08:36,55.93,9600,55.92,U
sh603301,振德医疗,2025-10-10 13:08:42,55.93,6200,55.96,D
sh603301,振德医疗,2025-10-10 13:09:30,55.93,3700,55.98,D
sh603301,振德医疗,2025-10-10 13:09:33,55.9,15300,55.93,D
sh603301,振德医疗,2025-10-10 13:10:45,55.81,4300,55.82,E
sh603301,振德医疗,2025-10-10 13:10:48,55.82,3900,55.81,U
sh603301,振德医疗,2025-10-10 13:11:00,55.84,4500,55.84,U
sh603301,振德医疗,2025-10-10 13:11:36,55.7,3700,55.75,D
sh603301,振德医疗,2025-10-10 13:11:57,55.77,5500,55.78,D
sh603301,振德医疗,2025-10-10 13:12:30,55.82,5800,55.82,D
sh603301,振德医疗,2025-10-10 13:12:39,55.83,9100,55.79,U
sh603301,振德医疗,2025-10-10 13:12:54,55.78,6200,55.8,D
sh603301,振德医疗,2025-10-10 13:15:54,55.86,10900,55.87,D
sh603301,振德医疗,2025-10-10 13:16:51,55.9,3700,55.89,E
sh603301,振德医疗,2025-10-10 13:20:15,55.99,5400,55.99,U
sh603301,振德医疗,2025-10-10 13:20:18,55.95,11300,55.99,D
sh603301,振德医疗,2025-10-10 13:20:21,55.93,4600,55.95,D
sh603301,振德医疗,2025-10-10 13:21:24,55.9,5000,55.9,D
sh603301,振德医疗,2025-10-10 13:22:57,55.77,4000,55.77,D
sh603301,振德医疗,2025-10-10 13:23:48,55.8,5500,55.81,D
sh603301,振德医疗,2025-10-10 13:24:15,55.75,13200,55.77,D
sh603301,振德医疗,2025-10-10 13:24:30,55.73,25300,55.78,D
sh603301,振德医疗,2025-10-10 13:24:45,55.7,23200,55.7,D
sh603301,振德医疗,2025-10-10 13:24:54,55.66,14300,55.69,D
sh603301,振德医疗,2025-10-10 13:25:09,55.55,4100,55.56,D
sh603301,振德医疗,2025-10-10 13:25:12,55.55,15900,55.55,D
sh603301,振德医疗,2025-10-10 13:25:21,55.5,6100,55.54,D
sh603301,振德医疗,2025-10-10 13:25:24,55.46,5500,55.5,D
sh603301,振德医疗,2025-10-10 13:25:45,55.32,3800,55.33,D
sh603301,振德医疗,2025-10-10 13:26:06,55.53,5200,55.43,U
sh603301,振德医疗,2025-10-10 13:26:21,55.55,5600,55.46,U
sh603301,振德医疗,2025-10-10 13:26:45,55.55,6500,55.54,U
sh603301,振德医疗,2025-10-10 13:26:48,55.54,5500,55.55,D
sh603301,振德医疗,2025-10-10 13:27:15,55.7,5400,55.7,U
sh603301,振德医疗,2025-10-10 13:27:18,55.74,16500,55.7,U
sh603301,振德医疗,2025-10-10 13:27:33,55.74,6200,55.74,U
sh603301,振德医疗,2025-10-10 13:28:03,55.71,21800,55.72,D
sh603301,振德医疗,2025-10-10 13:28:06,55.71,5100,55.71,D
sh603301,振德医疗,2025-10-10 13:28:18,55.62,10300,55.62,D
sh603301,振德医疗,2025-10-10 13:29:06,55.7,99300,55.72,E
sh603301,振德医疗,2025-10-10 13:29:21,55.71,4200,55.71,U
sh603301,振德医疗,2025-10-10 13:29:36,55.54,6000,55.72,D
sh603301,振德医疗,2025-10-10 13:29:48,55.51,13300,55.72,D
sh603301,振德医疗,2025-10-10 13:30:24,55.43,12800,55.51,D
sh603301,振德医疗,2025-10-10 13:30:42,55.4,4400,55.42,D
sh603301,振德医疗,2025-10-10 13:30:51,55.38,20600,55.41,D
sh603301,振德医疗,2025-10-10 13:30:54,55.36,4400,55.38,D
sh603301,振德医疗,2025-10-10 13:31:00,55.36,4100,55.36,D
sh603301,振德医疗,2025-10-10 13:31:03,55.36,5500,55.36,U
sh603301,振德医疗,2025-10-10 13:31:09,55.36,6600,55.35,U
sh603301,振德医疗,2025-10-10 13:31:12,55.35,4400,55.36,D
sh603301,振德医疗,2025-10-10 13:31:15,55.35,7700,55.35,D
sh603301,振德医疗,2025-10-10 13:31:18,55.36,10400,55.35,U
sh603301,振德医疗,2025-10-10 13:31:21,55.35,3700,55.36,U
sh603301,振德医疗,2025-10-10 13:31:27,55.33,7800,55.35,D
sh603301,振德医疗,2025-10-10 13:31:33,55.32,5500,55.3,U
sh603301,振德医疗,2025-10-10 13:31:36,55.31,4900,55.32,E
sh603301,振德医疗,2025-10-10 13:31:45,55.2,9000,55.3,D
sh603301,振德医疗,2025-10-10 13:32:00,55.15,3800,55.18,D
sh603301,振德医疗,2025-10-10 13:32:12,55.15,6500,55.12,U
sh603301,振德医疗,2025-10-10 13:33:15,55.32,4700,55.34,D
sh603301,振德医疗,2025-10-10 13:33:18,55.18,17700,55.32,D
sh603301,振德医疗,2025-10-10 13:33:21,55.13,4200,55.18,D
sh603301,振德医疗,2025-10-10 13:33:57,55.3,3800,55.3,U
sh603301,振德医疗,2025-10-10 13:34:06,55.24,5300,55.26,D
sh603301,振德医疗,2025-10-10 13:34:48,55.31,4300,55.39,D
sh603301,振德医疗,2025-10-10 13:36:06,55.22,10000,55.22,D
sh603301,振德医疗,2025-10-10 13:36:09,55.2,4000,55.22,D
sh603301,振德医疗,2025-10-10 13:36:15,55.23,14900,55.2,U
sh603301,振德医疗,2025-10-10 13:36:18,55.24,4200,55.23,E
sh603301,振德医疗,2025-10-10 13:37:54,55.27,4200,55.27,U
sh603301,振德医疗,2025-10-10 13:38:06,55.29,6800,55.26,U
sh603301,振德医疗,2025-10-10 13:38:12,55.29,6600,55.29,U
sh603301,振德医疗,2025-10-10 13:40:18,55.26,4100,55.28,D
sh603301,振德医疗,2025-10-10 13:40:24,55.24,17800,55.25,D
sh603301,振德医疗,2025-10-10 13:40:27,55.24,7800,55.24,D
sh603301,振德医疗,2025-10-10 13:40:33,55.23,3700,55.24,D
sh603301,振德医疗,2025-10-10 13:40:36,55.23,6600,55.23,D
sh603301,振德医疗,2025-10-10 13:40:39,55.23,10600,55.23,D
sh603301,振德医疗,2025-10-10 13:40:45,55.2,9000,55.2,D
sh603301,振德医疗,2025-10-10 13:41:12,55.1,17800,55.2,D
sh603301,振德医疗,2025-10-10 13:41:15,55.13,4900,55.1,E
sh603301,振德医疗,2025-10-10 13:41:21,55.12,4700,55.13,D
sh603301,振德医疗,2025-10-10 13:42:03,55.12,5000,55.13,E
sh603301,振德医疗,2025-10-10 13:42:21,55.12,3700,55.11,U
sh603301,振德医疗,2025-10-10 13:43:36,55.12,5300,55.16,D
sh603301,振德医疗,2025-10-10 13:43:48,55.1,5000,55.12,D
sh603301,振德医疗,2025-10-10 13:44:12,55.1,7200,55.1,D
sh603301,振德医疗,2025-10-10 13:44:15,55.1,8100,55.1,D
sh603301,振德医疗,2025-10-10 13:44:21,55.09,6000,55.09,D
sh603301,振德医疗,2025-10-10 13:44:24,55.09,4400,55.09,D
sh603301,振德医疗,2025-10-10 13:44:36,55.0,24000,55.0,D
sh603301,振德医疗,2025-10-10 13:44:39,55.0,15400,55.0,D
sh603301,振德医疗,2025-10-10 13:44:42,54.95,7000,55.0,D
sh603301,振德医疗,2025-10-10 13:44:57,54.86,9500,54.87,D
sh603301,振德医疗,2025-10-10 13:45:00,54.85,4600,54.86,E
sh603301,振德医疗,2025-10-10 13:45:03,54.87,20400,54.85,U
sh603301,振德医疗,2025-10-10 13:45:06,54.87,5800,54.87,D
sh603301,振德医疗,2025-10-10 13:45:09,54.92,12000,54.87,E
sh603301,振德医疗,2025-10-10 13:45:12,54.94,4500,54.92,E
sh603301,振德医疗,2025-10-10 13:45:18,55.1,5500,54.95,U
sh603301,振德医疗,2025-10-10 13:45:36,55.11,5300,55.1,U
sh603301,振德医疗,2025-10-10 13:45:45,55.1,21200,55.12,D
sh603301,振德医疗,2025-10-10 13:45:48,55.12,5400,55.1,E
sh603301,振德医疗,2025-10-10 13:45:51,55.23,12700,55.12,E
sh603301,振德医疗,2025-10-10 13:46:03,55.25,5400,55.23,U
sh603301,振德医疗,2025-10-10 13:46:12,55.3,3900,55.3,U
sh603301,振德医疗,2025-10-10 13:46:39,55.19,4900,55.18,E
sh603301,振德医疗,2025-10-10 13:46:42,55.21,5700,55.19,E
sh603301,振德医疗,2025-10-10 13:46:45,55.29,7900,55.21,U
sh603301,振德医疗,2025-10-10 13:47:48,55.35,11400,55.34,U
sh603301,振德医疗,2025-10-10 13:47:51,55.35,4300,55.35,U
sh603301,振德医疗,2025-10-10 13:47:54,55.35,7100,55.35,U
sh603301,振德医疗,2025-10-10 13:48:00,55.56,43700,55.34,U
sh603301,振德医疗,2025-10-10 13:48:03,55.54,4500,55.56,D
sh603301,振德医疗,2025-10-10 13:48:06,55.68,9800,55.54,U
sh603301,振德医疗,2025-10-10 13:48:21,55.74,15500,55.7,U
sh603301,振德医疗,2025-10-10 13:48:24,55.7,4000,55.74,E
sh603301,振德医疗,2025-10-10 13:48:30,55.75,12800,55.74,U
sh603301,振德医疗,2025-10-10 13:48:42,55.8,22600,55.8,U
sh603301,振德医疗,2025-10-10 13:48:51,55.88,14800,55.74,U
sh603301,振德医疗,2025-10-10 13:48:54,55.87,10800,55.88,D
sh603301,振德医疗,2025-10-10 13:49:03,55.95,9500,55.87,U
sh603301,振德医疗,2025-10-10 13:49:06,55.95,5900,55.95,D
sh603301,振德医疗,2025-10-10 13:49:09,55.74,7200,55.95,D
sh603301,振德医疗,2025-10-10 13:50:12,55.72,6800,55.77,D
sh603301,振德医疗,2025-10-10 13:50:21,55.7,5600,55.55,U
sh603301,振德医疗,2025-10-10 13:50:24,55.7,5200,55.7,U
sh603301,振德医疗,2025-10-10 13:50:33,55.7,3700,55.7,U
sh603301,振德医疗,2025-10-10 13:50:48,55.79,5400,55.8,D
sh603301,振德医疗,2025-10-10 13:51:33,55.69,6000,55.7,D
sh603301,振德医疗,2025-10-10 13:51:36,55.7,3600,55.69,U
sh603301,振德医疗,2025-10-10 13:51:57,55.7,5400,55.69,U
sh603301,振德医疗,2025-10-10 13:52:36,55.69,4400,55.72,D
sh603301,振德医疗,2025-10-10 13:52:39,55.69,9800,55.69,D
sh603301,振德医疗,2025-10-10 13:52:54,55.7,4300,55.7,E
sh603301,振德医疗,2025-10-10 13:53:12,55.7,6400,55.71,D
sh603301,振德医疗,2025-10-10 13:54:15,55.71,4300,55.68,U
sh603301,振德医疗,2025-10-10 13:54:18,55.76,8700,55.71,U
sh603301,振德医疗,2025-10-10 13:54:21,55.84,10100,55.76,U
sh603301,振德医疗,2025-10-10 13:54:24,55.9,6100,55.84,U
sh603301,振德医疗,2025-10-10 13:54:27,55.96,12200,55.9,U
sh603301,振德医疗,2025-10-10 13:54:30,56.0,8700,55.96,U
sh603301,振德医疗,2025-10-10 13:54:33,56.09,23300,56.0,U
sh603301,振德医疗,2025-10-10 13:54:36,56.25,15700,56.09,U
sh603301,振德医疗,2025-10-10 13:54:39,56.25,6600,56.25,D
sh603301,振德医疗,2025-10-10 13:54:45,56.08,5300,56.17,D
sh603301,振德医疗,2025-10-10 13:55:03,56.04,17100,56.08,E
sh603301,振德医疗,2025-10-10 13:55:39,55.85,4400,55.76,U
sh603301,振德医疗,2025-10-10 13:55:48,55.9,3600,55.86,U
sh603301,振德医疗,2025-10-10 13:55:51,55.9,4500,55.9,D
sh603301,振德医疗,2025-10-10 13:56:03,55.89,7700,55.9,D
sh603301,振德医疗,2025-10-10 13:56:18,56.04,10200,55.91,U
sh603301,振德医疗,2025-10-10 13:56:24,55.91,5600,55.93,D
sh603301,振德医疗,2025-10-10 13:56:36,55.91,5700,55.91,U
sh603301,振德医疗,2025-10-10 13:57:21,55.99,3900,55.98,U
sh603301,振德医疗,2025-10-10 13:57:27,55.92,12400,55.99,D
sh603301,振德医疗,2025-10-10 13:58:03,55.91,4100,55.92,D
sh603301,振德医疗,2025-10-10 13:58:06,55.9,4800,55.91,D
sh603301,振德医疗,2025-10-10 13:59:24,55.92,8300,55.92,U
sh603301,振德医疗,2025-10-10 13:59:30,56.1,12200,56.04,U
sh603301,振德医疗,2025-10-10 13:59:33,56.1,8300,56.1,U
sh603301,振德医疗,2025-10-10 13:59:39,56.08,10900,56.2,D
sh603301,振德医疗,2025-10-10 13:59:42,56.26,3600,56.08,U
sh603301,振德医疗,2025-10-10 14:00:27,56.08,7300,56.16,D
sh603301,振德医疗,2025-10-10 14:01:06,55.91,11600,56.0,D
sh603301,振德医疗,2025-10-10 14:01:45,56.13,5000,56.12,E
sh603301,振德医疗,2025-10-10 14:01:57,56.23,12100,56.12,U
sh603301,振德医疗,2025-10-10 14:02:00,56.25,14900,56.23,U
sh603301,振德医疗,2025-10-10 14:02:03,56.29,4500,56.25,U
sh603301,振德医疗,2025-10-10 14:02:09,56.33,9200,56.29,U
sh603301,振德医疗,2025-10-10 14:02:30,56.27,3600,56.14,U
sh603301,振德医疗,2025-10-10 14:03:27,56.19,3700,56.21,D
sh603301,振德医疗,2025-10-10 14:03:45,56.0,4200,56.14,D
sh603301,振德医疗,2025-10-10 14:09:03,55.99,6100,56.02,D
sh603301,振德医疗,2025-10-10 14:10:15,56.02,9400,56.04,D
sh603301,振德医疗,2025-10-10 14:10:21,56.0,4500,55.99,D
sh603301,振德医疗,2025-10-10 14:10:27,56.0,4000,56.03,D
sh603301,振德医疗,2025-10-10 14:12:06,55.92,16200,55.91,E
sh603301,振德医疗,2025-10-10 14:12:15,55.89,5500,55.9,D
sh603301,振德医疗,2025-10-10 14:12:27,55.8,5100,55.84,D
sh603301,振德医疗,2025-10-10 14:13:06,55.93,5600,55.93,U
sh603301,振德医疗,2025-10-10 14:13:27,55.92,5300,55.92,U
sh603301,振德医疗,2025-10-10 14:14:06,55.96,4300,55.99,D
sh603301,振德医疗,2025-10-10 14:15:51,56.0,3700,56.0,U
sh603301,振德医疗,2025-10-10 14:17:21,55.96,3800,55.96,D
sh603301,振德医疗,2025-10-10 14:17:45,55.96,4500,55.98,D
sh603301,振德医疗,2025-10-10 14:17:48,55.96,4800,55.96,U
sh603301,振德医疗,2025-10-10 14:19:45,56.09,25000,56.01,U
sh603301,振德医疗,2025-10-10 14:19:48,56.1,7100,56.09,U
sh603301,振德医疗,2025-10-10 14:21:48,56.14,4400,56.18,D
sh603301,振德医疗,2025-10-10 14:22:33,56.07,31300,56.12,D
sh603301,振德医疗,2025-10-10 14:22:36,56.07,4000,56.07,D
sh603301,振德医疗,2025-10-10 14:23:18,56.03,4100,56.03,U
sh603301,振德医疗,2025-10-10 14:24:00,55.91,5700,55.97,D
sh603301,振德医疗,2025-10-10 14:25:21,55.99,3600,55.99,U
sh603301,振德医疗,2025-10-10 14:25:33,55.98,10600,55.99,D
sh603301,振德医疗,2025-10-10 14:25:45,55.99,3800,55.97,U
sh603301,振德医疗,2025-10-10 14:27:21,55.96,4400,55.97,D
sh603301,振德医疗,2025-10-10 14:27:24,55.95,5700,55.96,D
sh603301,振德医疗,2025-10-10 14:27:39,55.93,12300,55.94,D
sh603301,振德医疗,2025-10-10 14:29:15,55.87,12200,55.89,D
sh603301,振德医疗,2025-10-10 14:29:18,55.87,4800,55.87,D
sh603301,振德医疗,2025-10-10 14:30:15,55.86,8900,55.89,D
sh603301,振德医疗,2025-10-10 14:30:18,55.83,3700,55.86,D
sh603301,振德医疗,2025-10-10 14:30:21,55.8,4100,55.83,D
sh603301,振德医疗,2025-10-10 14:30:24,55.8,6100,55.8,D
sh603301,振德医疗,2025-10-10 14:30:27,55.79,6300,55.8,D
sh603301,振德医疗,2025-10-10 14:31:06,55.65,4000,55.66,E
sh603301,振德医疗,2025-10-10 14:31:33,55.5,3800,55.64,D
sh603301,振德医疗,2025-10-10 14:31:57,55.66,4200,55.65,U
sh603301,振德医疗,2025-10-10 14:32:06,55.68,3800,55.66,U
sh603301,振德医疗,2025-10-10 14:32:30,55.79,3900,55.8,D
sh603301,振德医疗,2025-10-10 14:32:39,55.8,5800,55.8,U
sh603301,振德医疗,2025-10-10 14:32:54,55.8,5000,55.8,D
sh603301,振德医疗,2025-10-10 14:32:57,55.8,15800,55.8,D
sh603301,振德医疗,2025-10-10 14:33:00,55.81,13500,55.8,U
sh603301,振德医疗,2025-10-10 14:33:18,55.77,10300,55.77,U
sh603301,振德医疗,2025-10-10 14:33:45,55.69,6400,55.77,D
sh603301,振德医疗,2025-10-10 14:34:00,55.77,24700,55.78,D
sh603301,振德医疗,2025-10-10 14:34:51,55.78,6700,55.75,U
sh603301,振德医疗,2025-10-10 14:35:12,55.76,5400,55.77,D
sh603301,振德医疗,2025-10-10 14:35:36,55.79,8500,55.78,U
sh603301,振德医疗,2025-10-10 14:35:45,55.95,5300,55.9,U
sh603301,振德医疗,2025-10-10 14:35:48,55.97,18400,55.95,U
sh603301,振德医疗,2025-10-10 14:35:51,55.97,3700,55.97,U
sh603301,振德医疗,2025-10-10 14:36:06,55.95,3800,55.94,U
sh603301,振德医疗,2025-10-10 14:38:18,55.84,6000,55.83,E
sh603301,振德医疗,2025-10-10 14:38:51,55.88,9900,55.86,E
sh603301,振德医疗,2025-10-10 14:39:21,55.84,11500,55.87,D
sh603301,振德医疗,2025-10-10 14:39:24,55.78,8000,55.84,D
sh603301,振德医疗,2025-10-10 14:39:45,55.75,6800,55.84,D
sh603301,振德医疗,2025-10-10 14:40:03,55.76,13900,55.78,D
sh603301,振德医疗,2025-10-10 14:40:06,55.77,9300,55.76,U
sh603301,振德医疗,2025-10-10 14:40:09,55.81,4300,55.77,U
sh603301,振德医疗,2025-10-10 14:41:42,55.77,4500,55.75,U
sh603301,振德医疗,2025-10-10 14:42:00,55.76,7600,55.8,D
sh603301,振德医疗,2025-10-10 14:42:18,55.75,4900,55.79,D
sh603301,振德医疗,2025-10-10 14:42:36,55.72,4500,55.72,D
sh603301,振德医疗,2025-10-10 14:43:12,55.67,10300,55.69,D
sh603301,振德医疗,2025-10-10 14:43:15,55.65,4300,55.67,D
sh603301,振德医疗,2025-10-10 14:43:45,55.67,5700,55.67,D
sh603301,振德医疗,2025-10-10 14:44:30,55.4,6600,55.56,D
sh603301,振德医疗,2025-10-10 14:44:54,55.4,5000,55.5,D
sh603301,振德医疗,2025-10-10 14:45:09,55.3,4200,55.41,D
sh603301,振德医疗,2025-10-10 14:45:33,55.3,4300,55.39,D
sh603301,振德医疗,2025-10-10 14:46:00,55.32,4800,55.29,U
sh603301,振德医疗,2025-10-10 14:46:06,55.38,3800,55.38,U
sh603301,振德医疗,2025-10-10 14:46:12,55.25,21200,55.39,D
sh603301,振德医疗,2025-10-10 14:46:54,55.29,4000,55.29,U
sh603301,振德医疗,2025-10-10 14:47:03,55.3,8000,55.26,U
sh603301,振德医疗,2025-10-10 14:47:09,55.29,11600,55.29,U
sh603301,振德医疗,2025-10-10 14:47:21,55.31,4600,55.39,D
sh603301,振德医疗,2025-10-10 14:47:45,55.51,16900,55.39,U
sh603301,振德医疗,2025-10-10 14:48:06,55.59,3700,55.6,D
sh603301,振德医疗,2025-10-10 14:48:24,55.41,35600,55.51,D
sh603301,振德医疗,2025-10-10 14:48:36,55.42,7400,55.42,U
sh603301,振德医疗,2025-10-10 14:48:45,55.4,8600,55.41,D
sh603301,振德医疗,2025-10-10 14:49:03,55.4,9600,55.4,U
sh603301,振德医疗,2025-10-10 14:49:06,55.4,4500,55.4,U
sh603301,振德医疗,2025-10-10 14:49:27,55.38,7400,55.39,D
sh603301,振德医疗,2025-10-10 14:49:33,55.36,4200,55.39,D
sh603301,振德医疗,2025-10-10 14:49:39,55.4,17400,55.4,U
sh603301,振德医疗,2025-10-10 14:49:42,55.37,6300,55.4,D
sh603301,振德医疗,2025-10-10 14:49:48,55.39,13300,55.37,U
sh603301,振德医疗,2025-10-10 14:49:51,55.39,11200,55.39,D
sh603301,振德医疗,2025-10-10 14:49:54,55.19,27600,55.39,D
sh603301,振德医疗,2025-10-10 14:50:03,55.55,10400,55.2,U
sh603301,振德医疗,2025-10-10 14:50:06,55.58,23700,55.55,U
sh603301,振德医疗,2025-10-10 14:50:09,55.58,6700,55.58,U
sh603301,振德医疗,2025-10-10 14:50:24,55.35,4700,55.35,D
sh603301,振德医疗,2025-10-10 14:50:33,55.35,12100,55.34,U
sh603301,振德医疗,2025-10-10 14:50:45,55.25,11200,55.36,D
sh603301,振德医疗,2025-10-10 14:50:51,55.36,4600,55.36,D
sh603301,振德医疗,2025-10-10 14:51:00,55.43,15700,55.38,U
sh603301,振德医疗,2025-10-10 14:51:03,55.45,4260,55.43,U
sh603301,振德医疗,2025-10-10 14:51:06,55.42,5900,55.45,D
sh603301,振德医疗,2025-10-10 14:51:15,55.4,19200,55.43,D
sh603301,振德医疗,2025-10-10 14:51:18,55.42,6300,55.4,U
sh603301,振德医疗,2025-10-10 14:51:27,55.45,5800,55.43,U
sh603301,振德医疗,2025-10-10 14:51:36,55.36,16000,55.44,D
sh603301,振德医疗,2025-10-10 14:51:39,55.43,8900,55.36,D
sh603301,振德医疗,2025-10-10 14:52:03,55.43,6900,55.42,U
sh603301,振德医疗,2025-10-10 14:52:09,55.44,15200,55.44,U
sh603301,振德医疗,2025-10-10 14:53:03,55.41,14600,55.37,U
sh603301,振德医疗,2025-10-10 14:53:09,55.36,7800,55.37,D
sh603301,振德医疗,2025-10-10 14:53:39,55.34,10000,55.34,D
sh603301,振德医疗,2025-10-10 14:53:42,55.34,5300,55.34,U
sh603301,振德医疗,2025-10-10 14:53:45,55.33,4300,55.34,D
sh603301,振德医疗,2025-10-10 14:53:51,55.35,7100,55.33,U
sh603301,振德医疗,2025-10-10 14:53:57,55.3,3700,55.33,D
sh603301,振德医疗,2025-10-10 14:54:03,55.4,10000,55.3,U
sh603301,振德医疗,2025-10-10 14:54:06,55.4,5700,55.4,U
sh603301,振德医疗,2025-10-10 14:54:09,55.41,7600,55.4,U
sh603301,振德医疗,2025-10-10 14:54:12,55.5,27600,55.41,U
sh603301,振德医疗,2025-10-10 14:54:15,55.46,6800,55.5,E
sh603301,振德医疗,2025-10-10 14:54:30,55.49,18600,55.49,U
sh603301,振德医疗,2025-10-10 14:54:33,55.5,9100,55.49,U
sh603301,振德医疗,2025-10-10 14:54:42,55.47,3700,55.49,D
sh603301,振德医疗,2025-10-10 14:54:45,55.5,9900,55.47,U
sh603301,振德医疗,2025-10-10 14:54:54,55.47,3800,55.48,E
sh603301,振德医疗,2025-10-10 14:54:57,55.44,14400,55.47,D
sh603301,振德医疗,2025-10-10 14:55:00,55.4,20600,55.44,D
sh603301,振德医疗,2025-10-10 14:55:03,55.88,64200,55.4,U
sh603301,振德医疗,2025-10-10 14:55:06,55.46,11400,55.88,E
sh603301,振德医疗,2025-10-10 14:55:18,55.8,5200,55.88,E
sh603301,振德医疗,2025-10-10 14:55:21,55.51,8000,55.8,E
sh603301,振德医疗,2025-10-10 14:55:30,56.2,119796,55.84,U
sh603301,振德医疗,2025-10-10 14:55:36,56.09,3700,56.1,U
sh603301,振德医疗,2025-10-10 14:55:42,55.85,10596,55.84,U
sh603301,振德医疗,2025-10-10 14:55:51,56.0,5700,55.99,U
sh603301,振德医疗,2025-10-10 14:55:54,55.86,6460,56.0,D
sh603301,振德医疗,2025-10-10 14:55:57,56.0,5800,55.86,U
sh603301,振德医疗,2025-10-10 14:56:00,55.93,4000,56.0,E
sh603301,振德医疗,2025-10-10 14:56:03,56.0,10700,55.93,U
sh603301,振德医疗,2025-10-10 14:56:12,56.0,8900,56.01,E
sh603301,振德医疗,2025-10-10 14:56:15,55.98,5100,56.0,E
sh603301,振德医疗,2025-10-10 14:56:18,55.88,6300,55.98,D
sh603301,振德医疗,2025-10-10 14:56:21,55.8,56400,55.88,D
sh603301,振德医疗,2025-10-10 14:56:24,55.86,6200,55.8,E
sh603301,振德医疗,2025-10-10 14:56:27,55.91,8900,55.86,U
sh603301,振德医疗,2025-10-10 14:56:33,55.83,7700,55.84,U
sh603301,振德医疗,2025-10-10 14:56:36,55.82,5600,55.83,E
sh603301,振德医疗,2025-10-10 14:56:39,55.8,11900,55.82,E
sh603301,振德医疗,2025-10-10 14:56:42,55.82,11500,55.8,E
sh603301,振德医疗,2025-10-10 14:56:45,55.5,112500,55.82,D
sh603301,振德医疗,2025-10-10 14:56:51,55.8,5800,55.79,U
sh603301,振德医疗,2025-10-10 14:56:54,55.8,4400,55.8,U
sh603301,振德医疗,2025-10-10 14:57:00,55.8,24800,55.78,U
sh603301,振德医疗,2025-10-10 15:00:03,56.46,433000,55.8,U
