symbol,name,ticktime,price,volume,prev_price,kind
sh603301,振德医疗,2025-09-19 09:25:01,39.5,91300,0.0,U
sh603301,振德医疗,2025-09-19 09:30:03,39.33,18400,39.44,D
sh603301,振德医疗,2025-09-19 09:30:06,39.5,49400,39.33,U
sh603301,振德医疗,2025-09-19 09:30:09,39.58,33900,39.5,U
sh603301,振德医疗,2025-09-19 09:30:12,39.58,35100,39.58,D
sh603301,振德医疗,2025-09-19 09:30:15,39.58,29500,39.58,D
sh603301,振德医疗,2025-09-19 09:30:18,39.1,51400,39.58,D
sh603301,振德医疗,2025-09-19 09:30:21,39.41,16600,39.1,U
sh603301,振德医疗,2025-09-19 09:30:24,39.1,14300,39.41,D
sh603301,振德医疗,2025-09-19 09:30:27,39.1,5200,39.1,D
sh603301,振德医疗,2025-09-19 09:30:30,39.44,19300,39.1,U
sh603301,振德医疗,2025-09-19 09:30:33,39.32,17800,39.44,U
sh603301,振德医疗,2025-09-19 09:30:36,39.1,13400,39.32,D
sh603301,振德医疗,2025-09-19 09:30:39,39.32,27000,39.1,U
sh603301,振德医疗,2025-09-19 09:30:42,39.1,16300,39.32,D
sh603301,振德医疗,2025-09-19 09:30:45,39.13,9400,39.1,U
sh603301,振德医疗,2025-09-19 09:30:48,39.3,6900,39.13,U
sh603301,振德医疗,2025-09-19 09:30:51,39.18,13400,39.3,E
sh603301,振德医疗,2025-09-19 09:30:54,39.17,17400,39.18,D
sh603301,振德医疗,2025-09-19 09:30:57,39.1,26000,39.17,D
sh603301,振德医疗,2025-09-19 09:31:00,39.1,22900,39.1,D
sh603301,振德医疗,2025-09-19 09:31:03,39.07,10700,39.1,E
sh603301,振德医疗,2025-09-19 09:31:06,39.0,36900,39.07,D
sh603301,振德医疗,2025-09-19 09:31:09,39.12,39100,39.0,U
sh603301,振德医疗,2025-09-19 09:31:12,39.17,17900,39.12,U
sh603301,振德医疗,2025-09-19 09:31:15,39.3,7000,39.17,U
sh603301,振德医疗,2025-09-19 09:31:18,39.3,9500,39.3,D
sh603301,振德医疗,2025-09-19 09:31:27,39.42,13600,39.42,D
sh603301,振德医疗,2025-09-19 09:31:30,39.43,9500,39.42,U
sh603301,振德医疗,2025-09-19 09:31:36,39.54,20100,39.48,U
sh603301,振德医疗,2025-09-19 09:31:39,39.58,22800,39.54,U
sh603301,振德医疗,2025-09-19 09:31:42,39.72,7100,39.58,U
sh603301,振德医疗,2025-09-19 09:31:48,39.9,5400,39.85,U
sh603301,振德医疗,2025-09-19 09:31:51,39.91,22000,39.9,E
sh603301,振德医疗,2025-09-19 09:31:54,40.0,11800,39.91,U
sh603301,振德医疗,2025-09-19 09:31:57,40.0,24600,40.0,U
sh603301,振德医疗,2025-09-19 09:32:00,40.1,14300,40.0,U
sh603301,振德医疗,2025-09-19 09:32:03,40.29,6700,40.1,U
sh603301,振德医疗,2025-09-19 09:32:06,40.29,6700,40.29,U
sh603301,振德医疗,2025-09-19 09:32:09,40.29,5300,40.29,D
sh603301,振德医疗,2025-09-19 09:32:12,40.39,13900,40.29,U
sh603301,振德医疗,2025-09-19 09:32:15,40.2,38800,40.39,D
sh603301,振德医疗,2025-09-19 09:32:30,39.87,9500,39.89,D
sh603301,振德医疗,2025-09-19 09:32:39,39.65,19400,39.7,D
sh603301,振德医疗,2025-09-19 09:32:42,39.64,5400,39.65,E
sh603301,振德医疗,2025-09-19 09:32:48,39.55,7800,39.63,D
sh603301,振德医疗,2025-09-19 09:32:57,39.43,11700,39.31,E
sh603301,振德医疗,2025-09-19 09:33:00,39.37,6900,39.43,E
sh603301,振德医疗,2025-09-19 09:33:03,39.41,11500,39.37,E
sh603301,振德医疗,2025-09-19 09:33:06,39.35,9000,39.41,D
sh603301,振德医疗,2025-09-19 09:33:09,39.41,13800,39.35,U
sh603301,振德医疗,2025-09-19 09:33:12,39.35,31100,39.41,D
sh603301,振德医疗,2025-09-19 09:33:18,39.22,6400,39.23,E
sh603301,振德医疗,2025-09-19 09:33:21,39.2,8700,39.22,D
sh603301,振德医疗,2025-09-19 09:33:24,39.1,15200,39.2,D
sh603301,振德医疗,2025-09-19 09:33:30,39.11,7600,39.18,E
sh603301,振德医疗,2025-09-19 09:33:33,39.07,5700,39.11,D
sh603301,振德医疗,2025-09-19 09:33:36,39.17,24600,39.07,U
sh603301,振德医疗,2025-09-19 09:33:39,39.06,9200,39.17,D
sh603301,振德医疗,2025-09-19 09:33:45,39.17,5400,39.18,D
sh603301,振德医疗,2025-09-19 09:33:48,39.29,17000,39.17,E
sh603301,振德医疗,2025-09-19 09:33:51,39.21,12900,39.29,D
sh603301,振德医疗,2025-09-19 09:34:00,39.07,23400,39.16,D
sh603301,振德医疗,2025-09-19 09:34:15,39.27,5500,39.12,U
sh603301,振德医疗,2025-09-19 09:34:18,39.37,5600,39.27,U
sh603301,振德医疗,2025-09-19 09:34:24,39.36,7300,39.49,D
sh603301,振德医疗,2025-09-19 09:34:39,39.38,10900,39.4,D
sh603301,振德医疗,2025-09-19 09:34:42,39.5,8900,39.38,U
sh603301,振德医疗,2025-09-19 09:34:45,39.41,11700,39.5,E
sh603301,振德医疗,2025-09-19 09:35:00,39.4,12700,39.49,D
sh603301,振德医疗,2025-09-19 09:35:03,39.46,21800,39.4,U
sh603301,振德医疗,2025-09-19 09:35:15,39.32,7500,39.31,E
sh603301,振德医疗,2025-09-19 09:35:24,39.34,21900,39.35,D
sh603301,振德医疗,2025-09-19 09:35:27,39.5,11700,39.34,U
sh603301,振德医疗,2025-09-19 09:35:30,39.51,7700,39.5,U
sh603301,振德医疗,2025-09-19 09:35:42,39.57,5300,39.5,U
sh603301,振德医疗,2025-09-19 09:35:45,39.65,8200,39.57,U
sh603301,振德医疗,2025-09-19 09:35:48,39.66,11100,39.65,U
sh603301,振德医疗,2025-09-19 09:35:51,39.66,15000,39.66,D
sh603301,振德医疗,2025-09-19 09:35:54,39.68,7600,39.66,U
sh603301,振德医疗,2025-09-19 09:35:57,39.77,11000,39.68,U
sh603301,振德医疗,2025-09-19 09:36:00,39.63,53500,39.77,D
sh603301,振德医疗,2025-09-19 09:36:09,39.46,6600,39.47,D
sh603301,振德医疗,2025-09-19 09:36:21,39.55,8200,39.46,U
sh603301,振德医疗,2025-09-19 09:36:33,39.42,6200,39.51,D
sh603301,振德医疗,2025-09-19 09:36:36,39.43,6100,39.42,E
sh603301,振德医疗,2025-09-19 09:36:57,39.62,27400,39.62,D
sh603301,振德医疗,2025-09-19 09:37:18,39.9,11800,39.9,U
sh603301,振德医疗,2025-09-19 09:37:24,39.9,9500,39.83,U
sh603301,振德医疗,2025-09-19 09:37:33,39.75,8700,39.89,D
sh603301,振德医疗,2025-09-19 09:38:03,39.75,6600,39.79,D
sh603301,振德医疗,2025-09-19 09:38:09,39.83,12600,39.77,U
sh603301,振德医疗,2025-09-19 09:38:12,39.81,7300,39.83,D
sh603301,振德医疗,2025-09-19 09:38:21,39.81,5400,39.81,D
sh603301,振德医疗,2025-09-19 09:38:48,39.81,17400,39.77,U
sh603301,振德医疗,2025-09-19 09:38:51,39.9,38500,39.81,U
sh603301,振德医疗,2025-09-19 09:39:12,39.77,47600,39.84,D
sh603301,振德医疗,2025-09-19 09:39:18,39.77,10100,39.77,U
sh603301,振德医疗,2025-09-19 09:39:27,39.77,5200,39.72,U
sh603301,振德医疗,2025-09-19 09:39:30,39.7,5400,39.77,D
sh603301,振德医疗,2025-09-19 09:39:48,39.59,5800,39.59,D
sh603301,振德医疗,2025-09-19 09:39:51,39.6,10400,39.59,U
sh603301,振德医疗,2025-09-19 09:40:03,39.6,8500,39.64,D
sh603301,振德医疗,2025-09-19 09:40:09,39.59,7000,39.6,D
sh603301,振德医疗,2025-09-19 09:40:12,39.58,5600,39.59,E
sh603301,振德医疗,2025-09-19 09:40:15,39.69,8800,39.58,U
sh603301,振德医疗,2025-09-19 09:40:18,39.87,5900,39.69,U
sh603301,振德医疗,2025-09-19 09:40:21,39.88,8800,39.87,U
sh603301,振德医疗,2025-09-19 09:40:39,39.72,6100,39.78,D
sh603301,振德医疗,2025-09-19 09:41:27,39.86,5800,39.87,D
sh603301,振德医疗,2025-09-19 09:41:39,39.88,5800,39.9,D
sh603301,振德医疗,2025-09-19 09:41:42,39.94,5200,39.88,U
sh603301,振德医疗,2025-09-19 09:41:45,39.97,14500,39.94,U
sh603301,振德医疗,2025-09-19 09:41:48,39.96,5200,39.97,D
sh603301,振德医疗,2025-09-19 09:41:51,39.91,8800,39.96,D
sh603301,振德医疗,2025-09-19 09:42:15,39.8,5500,39.82,D
sh603301,振德医疗,2025-09-19 09:42:18,39.73,8900,39.8,D
sh603301,振德医疗,2025-09-19 09:42:24,39.75,5200,39.7,U
sh603301,振德医疗,2025-09-19 09:42:27,39.75,14100,39.75,D
sh603301,振德医疗,2025-09-19 09:42:45,39.69,13200,39.7,D
sh603301,振德医疗,2025-09-19 09:42:57,39.68,7000,39.75,D
sh603301,振德医疗,2025-09-19 09:43:12,39.76,8900,39.77,D
sh603301,振德医疗,2025-09-19 09:43:15,39.72,9000,39.76,D
sh603301,振德医疗,2025-09-19 09:43:33,39.64,15100,39.74,D
sh603301,振德医疗,2025-09-19 09:43:45,39.54,5800,39.54,U
sh603301,振德医疗,2025-09-19 09:44:06,39.43,26100,39.51,D
sh603301,振德医疗,2025-09-19 09:44:24,39.36,5400,39.36,D
sh603301,振德医疗,2025-09-19 09:44:27,39.36,5600,39.36,D
sh603301,振德医疗,2025-09-19 09:44:30,39.36,5800,39.36,D
sh603301,振德医疗,2025-09-19 09:44:36,39.36,5400,39.36,D
sh603301,振德医疗,2025-09-19 09:44:39,39.36,12900,39.36,D
sh603301,振德医疗,2025-09-19 09:44:51,39.3,11200,39.32,D
sh603301,振德医疗,2025-09-19 09:45:12,39.3,5300,39.28,U
sh603301,振德医疗,2025-09-19 09:45:15,39.29,15100,39.3,D
sh603301,振德医疗,2025-09-19 09:45:24,39.25,11400,39.28,D
sh603301,振德医疗,2025-09-19 09:45:39,39.24,5100,39.24,U
sh603301,振德医疗,2025-09-19 09:45:48,39.21,7800,39.21,D
sh603301,振德医疗,2025-09-19 09:46:00,39.21,7000,39.2,U
sh603301,振德医疗,2025-09-19 09:46:03,39.15,6300,39.21,D
sh603301,振德医疗,2025-09-19 09:46:06,39.21,16000,39.15,U
sh603301,振德医疗,2025-09-19 09:46:09,39.25,9500,39.21,U
sh603301,振德医疗,2025-09-19 09:46:15,39.36,7700,39.31,U
sh603301,振德医疗,2025-09-19 09:46:21,39.39,25800,39.39,D
sh603301,振德医疗,2025-09-19 09:46:33,39.29,6500,39.31,D
sh603301,振德医疗,2025-09-19 09:46:48,39.27,6000,39.24,U
sh603301,振德医疗,2025-09-19 09:46:51,39.3,27600,39.27,U
sh603301,振德医疗,2025-09-19 09:46:57,39.48,5100,39.42,U
sh603301,振德医疗,2025-09-19 09:47:12,39.35,7200,39.33,U
sh603301,振德医疗,2025-09-19 09:47:45,39.35,6400,39.3,U
sh603301,振德医疗,2025-09-19 09:48:09,39.35,9500,39.44,D
sh603301,振德医疗,2025-09-19 09:48:21,39.27,29100,39.33,D
sh603301,振德医疗,2025-09-19 09:48:33,39.27,5200,39.26,U
sh603301,振德医疗,2025-09-19 09:48:39,39.35,14300,39.3,U
sh603301,振德医疗,2025-09-19 09:48:42,39.34,18300,39.35,D
sh603301,振德医疗,2025-09-19 09:49:03,39.2,20300,39.23,D
sh603301,振德医疗,2025-09-19 09:49:12,39.15,8400,39.15,D
sh603301,振德医疗,2025-09-19 09:49:18,39.17,5500,39.17,U
sh603301,振德医疗,2025-09-19 09:49:30,39.1,5800,39.12,D
sh603301,振德医疗,2025-09-19 09:49:36,39.09,25000,39.1,D
sh603301,振德医疗,2025-09-19 09:49:39,39.09,26000,39.09,D
sh603301,振德医疗,2025-09-19 09:49:42,39.07,11800,39.09,D
sh603301,振德医疗,2025-09-19 09:49:45,39.06,7200,39.07,D
sh603301,振德医疗,2025-09-19 09:49:48,39.06,12500,39.06,D
sh603301,振德医疗,2025-09-19 09:49:51,39.01,21500,39.06,D
sh603301,振德医疗,2025-09-19 09:49:54,38.93,100300,39.01,D
sh603301,振德医疗,2025-09-19 09:50:06,38.88,5900,38.89,D
sh603301,振德医疗,2025-09-19 09:50:09,38.87,50800,38.88,D
sh603301,振德医疗,2025-09-19 09:50:12,38.83,9300,38.87,D
sh603301,振德医疗,2025-09-19 09:50:18,38.85,14600,38.83,U
sh603301,振德医疗,2025-09-19 09:50:21,38.86,13700,38.85,U
sh603301,振德医疗,2025-09-19 09:50:27,38.85,30600,38.82,U
sh603301,振德医疗,2025-09-19 09:50:33,38.88,7700,38.86,E
sh603301,振德医疗,2025-09-19 09:50:39,38.93,14700,38.92,U
sh603301,振德医疗,2025-09-19 09:50:42,38.93,9000,38.93,D
sh603301,振德医疗,2025-09-19 09:50:51,38.91,7800,38.92,D
sh603301,振德医疗,2025-09-19 09:50:57,38.94,13600,38.91,U
sh603301,振德医疗,2025-09-19 09:51:00,38.9,7900,38.94,E
sh603301,振德医疗,2025-09-19 09:51:03,38.92,9900,38.9,E
sh603301,振德医疗,2025-09-19 09:51:15,38.9,5900,38.91,D
sh603301,振德医疗,2025-09-19 09:51:21,38.9,8600,38.91,D
sh603301,振德医疗,2025-09-19 09:51:24,38.98,10400,38.9,U
sh603301,振德医疗,2025-09-19 09:51:33,38.92,6700,38.92,D
sh603301,振德医疗,2025-09-19 09:51:36,38.92,6800,38.92,D
sh603301,振德医疗,2025-09-19 09:51:42,38.9,10200,38.91,D
sh603301,振德医疗,2025-09-19 09:51:45,38.9,8800,38.9,D
sh603301,振德医疗,2025-09-19 09:51:51,38.9,6500,38.88,U
sh603301,振德医疗,2025-09-19 09:51:54,38.92,9200,38.9,U
sh603301,振德医疗,2025-09-19 09:52:00,38.92,7700,38.93,D
sh603301,振德医疗,2025-09-19 09:52:03,39.1,62900,38.92,U
sh603301,振德医疗,2025-09-19 09:52:24,39.12,7800,39.11,U
sh603301,振德医疗,2025-09-19 09:52:30,39.13,8100,39.12,U
sh603301,振德医疗,2025-09-19 09:52:33,39.14,9400,39.13,E
sh603301,振德医疗,2025-09-19 09:53:12,39.33,12800,39.3,U
sh603301,振德医疗,2025-09-19 09:53:30,39.33,8700,39.36,D
sh603301,振德医疗,2025-09-19 09:53:33,39.31,8700,39.33,D
sh603301,振德医疗,2025-09-19 09:53:36,39.33,15200,39.31,U
sh603301,振德医疗,2025-09-19 09:53:39,39.32,7100,39.33,E
sh603301,振德医疗,2025-09-19 09:53:42,39.34,5600,39.32,U
sh603301,振德医疗,2025-09-19 09:53:45,39.35,6900,39.34,U
sh603301,振德医疗,2025-09-19 09:54:03,39.42,7500,39.37,U
sh603301,振德医疗,2025-09-19 09:54:39,39.35,25000,39.33,U
sh603301,振德医疗,2025-09-19 09:54:42,39.32,6500,39.35,D
sh603301,振德医疗,2025-09-19 09:54:48,39.3,5900,39.32,D
sh603301,振德医疗,2025-09-19 09:54:51,39.27,30300,39.3,D
sh603301,振德医疗,2025-09-19 09:54:54,39.18,19300,39.27,D
sh603301,振德医疗,2025-09-19 09:54:57,39.18,15900,39.18,D
sh603301,振德医疗,2025-09-19 09:55:00,39.19,7600,39.18,D
sh603301,振德医疗,2025-09-19 09:55:06,39.19,8200,39.19,E
sh603301,振德医疗,2025-09-19 09:55:15,39.3,11600,39.25,U
sh603301,振德医疗,2025-09-19 09:55:33,39.28,6000,39.24,U
sh603301,振德医疗,2025-09-19 09:55:57,39.23,12000,39.27,D
sh603301,振德医疗,2025-09-19 09:56:03,39.19,6500,39.27,D
sh603301,振德医疗,2025-09-19 09:56:09,39.13,35500,39.19,D
sh603301,振德医疗,2025-09-19 09:56:12,39.04,15700,39.13,D
sh603301,振德医疗,2025-09-19 09:56:15,39.13,21300,39.04,U
sh603301,振德医疗,2025-09-19 09:56:24,39.13,11000,39.18,D
sh603301,振德医疗,2025-09-19 09:56:33,39.17,5700,39.13,U
sh603301,振德医疗,2025-09-19 09:56:36,39.13,17700,39.17,D
sh603301,振德医疗,2025-09-19 09:56:51,39.12,11100,39.13,D
sh603301,振德医疗,2025-09-19 09:56:57,39.1,8900,39.11,D
sh603301,振德医疗,2025-09-19 09:57:03,39.1,8900,39.11,D
sh603301,振德医疗,2025-09-19 09:57:06,39.13,8200,39.1,U
sh603301,振德医疗,2025-09-19 09:57:24,39.14,23800,39.18,D
sh603301,振德医疗,2025-09-19 09:57:33,39.13,7100,39.14,D
sh603301,振德医疗,2025-09-19 09:57:48,39.25,5100,39.18,U
sh603301,振德医疗,2025-09-19 09:58:24,39.44,7200,39.4,U
sh603301,振德医疗,2025-09-19 09:58:27,39.41,13900,39.44,D
sh603301,振德医疗,2025-09-19 09:58:33,39.36,10900,39.39,D
sh603301,振德医疗,2025-09-19 09:59:00,39.53,23100,39.49,U
sh603301,振德医疗,2025-09-19 09:59:36,39.69,6700,39.69,D
sh603301,振德医疗,2025-09-19 09:59:39,39.7,10800,39.69,U
sh603301,振德医疗,2025-09-19 09:59:51,39.63,10000,39.65,E
sh603301,振德医疗,2025-09-19 10:00:03,39.62,9600,39.62,D
sh603301,振德医疗,2025-09-19 10:00:09,39.62,8600,39.6,U
sh603301,振德医疗,2025-09-19 10:00:12,39.6,16700,39.62,D
sh603301,振德医疗,2025-09-19 10:00:15,39.59,5400,39.6,D
sh603301,振德医疗,2025-09-19 10:00:18,39.73,20500,39.59,U
sh603301,振德医疗,2025-09-19 10:00:27,39.7,7600,39.78,D
sh603301,振德医疗,2025-09-19 10:00:54,39.7,10000,39.7,U
sh603301,振德医疗,2025-09-19 10:01:42,39.62,6200,39.62,D
sh603301,振德医疗,2025-09-19 10:01:57,39.68,14400,39.62,U
sh603301,振德医疗,2025-09-19 10:02:27,39.82,35900,39.72,U
sh603301,振德医疗,2025-09-19 10:02:48,39.99,6200,39.98,U
sh603301,振德医疗,2025-09-19 10:02:54,39.99,6100,39.99,U
sh603301,振德医疗,2025-09-19 10:02:57,39.99,6100,39.99,U
sh603301,振德医疗,2025-09-19 10:03:00,39.97,6700,39.99,D
sh603301,振德医疗,2025-09-19 10:03:06,39.94,5200,39.95,D
sh603301,振德医疗,2025-09-19 10:03:45,40.01,83000,39.96,U
sh603301,振德医疗,2025-09-19 10:03:48,40.05,14800,40.01,U
sh603301,振德医疗,2025-09-19 10:03:51,40.08,16900,40.05,U
sh603301,振德医疗,2025-09-19 10:04:09,40.14,6300,40.18,D
sh603301,振德医疗,2025-09-19 10:04:12,40.1,7500,40.14,D
sh603301,振德医疗,2025-09-19 10:04:21,40.07,5000,40.07,D
sh603301,振德医疗,2025-09-19 10:04:27,40.0,8400,40.02,D
sh603301,振德医疗,2025-09-19 10:04:51,39.96,7200,39.98,D
sh603301,振德医疗,2025-09-19 10:05:06,39.86,16800,39.9,D
sh603301,振德医疗,2025-09-19 10:05:30,39.91,5200,39.87,U
sh603301,振德医疗,2025-09-19 10:05:36,39.91,7300,39.91,D
sh603301,振德医疗,2025-09-19 10:06:24,39.84,30500,39.88,D
sh603301,振德医疗,2025-09-19 10:06:36,39.78,9200,39.84,D
sh603301,振德医疗,2025-09-19 10:06:39,39.86,15100,39.78,U
sh603301,振德医疗,2025-09-19 10:06:51,39.75,9400,39.78,D
sh603301,振德医疗,2025-09-19 10:07:09,39.78,15700,39.68,U
sh603301,振德医疗,2025-09-19 10:07:15,39.88,5500,39.79,U
sh603301,振德医疗,2025-09-19 10:07:48,40.02,6200,39.98,U
sh603301,振德医疗,2025-09-19 10:08:12,40.04,18200,40.02,U
sh603301,振德医疗,2025-09-19 10:08:24,40.06,10600,40.06,U
sh603301,振德医疗,2025-09-19 10:08:27,40.06,5200,40.06,U
sh603301,振德医疗,2025-09-19 10:08:36,40.02,40900,40.06,D
sh603301,振德医疗,2025-09-19 10:08:39,39.97,43400,40.02,D
sh603301,振德医疗,2025-09-19 10:09:15,40.0,7100,39.99,U
sh603301,振德医疗,2025-09-19 10:09:30,40.06,8800,40.06,U
sh603301,振德医疗,2025-09-19 10:09:54,40.07,16600,40.03,U
sh603301,振德医疗,2025-09-19 10:10:15,40.1,6100,40.09,U
sh603301,振德医疗,2025-09-19 10:10:18,40.11,18800,40.1,U
sh603301,振德医疗,2025-09-19 10:10:21,40.18,8600,40.11,U
sh603301,振德医疗,2025-09-19 10:10:24,40.22,5500,40.18,U
sh603301,振德医疗,2025-09-19 10:10:36,40.25,5400,40.23,U
sh603301,振德医疗,2025-09-19 10:10:42,40.21,11000,40.27,D
sh603301,振德医疗,2025-09-19 10:10:45,40.27,12400,40.21,U
sh603301,振德医疗,2025-09-19 10:10:54,40.21,29200,40.21,D
sh603301,振德医疗,2025-09-19 10:11:12,40.15,10000,40.15,E
sh603301,振德医疗,2025-09-19 10:11:39,40.2,8800,40.18,U
sh603301,振德医疗,2025-09-19 10:12:03,40.34,10800,40.29,U
sh603301,振德医疗,2025-09-19 10:12:15,40.36,6200,40.39,D
sh603301,振德医疗,2025-09-19 10:12:18,40.39,16000,40.36,U
sh603301,振德医疗,2025-09-19 10:12:21,40.36,28500,40.39,D
sh603301,振德医疗,2025-09-19 10:12:24,40.34,10100,40.36,D
sh603301,振德医疗,2025-09-19 10:12:36,40.35,5000,40.35,U
sh603301,振德医疗,2025-09-19 10:12:39,40.35,15400,40.35,D
sh603301,振德医疗,2025-09-19 10:12:45,40.29,9400,40.34,D
sh603301,振德医疗,2025-09-19 10:12:48,40.35,51900,40.29,U
sh603301,振德医疗,2025-09-19 10:12:57,40.2,12000,40.27,D
sh603301,振德医疗,2025-09-19 10:13:06,40.2,6500,40.19,U
sh603301,振德医疗,2025-09-19 10:13:36,40.21,8700,40.24,D
sh603301,振德医疗,2025-09-19 10:13:39,40.24,5500,40.21,U
sh603301,振德医疗,2025-09-19 10:13:45,40.25,5300,40.23,U
sh603301,振德医疗,2025-09-19 10:13:54,40.26,5800,40.26,U
sh603301,振德医疗,2025-09-19 10:14:00,40.21,9600,40.26,D
sh603301,振德医疗,2025-09-19 10:14:03,40.17,54700,40.21,D
sh603301,振德医疗,2025-09-19 10:14:48,40.18,6900,40.18,D
sh603301,振德医疗,2025-09-19 10:14:57,40.18,32900,40.18,U
sh603301,振德医疗,2025-09-19 10:15:09,40.18,6100,40.08,U
sh603301,振德医疗,2025-09-19 10:15:24,40.01,7900,40.05,D
sh603301,振德医疗,2025-09-19 10:16:03,40.11,12000,40.11,D
sh603301,振德医疗,2025-09-19 10:16:12,40.07,6200,40.06,U
sh603301,振德医疗,2025-09-19 10:16:27,40.12,14400,40.08,U
sh603301,振德医疗,2025-09-19 10:16:30,40.12,9200,40.12,U
sh603301,振德医疗,2025-09-19 10:16:36,40.12,5800,40.12,U
sh603301,振德医疗,2025-09-19 10:16:57,40.14,5400,40.12,U
sh603301,振德医疗,2025-09-19 10:17:00,40.17,8500,40.14,U
sh603301,振德医疗,2025-09-19 10:17:09,40.19,8900,40.19,E
sh603301,振德医疗,2025-09-19 10:17:30,40.13,5800,40.13,D
sh603301,振德医疗,2025-09-19 10:18:12,40.15,8300,40.15,D
sh603301,振德医疗,2025-09-19 10:18:15,40.13,25800,40.15,D
sh603301,振德医疗,2025-09-19 10:18:18,40.06,44800,40.13,D
sh603301,振德医疗,2025-09-19 10:18:27,40.14,21500,40.11,U
sh603301,振德医疗,2025-09-19 10:19:15,40.13,6900,40.14,D
sh603301,振德医疗,2025-09-19 10:19:18,40.05,11300,40.13,D
sh603301,振德医疗,2025-09-19 10:19:36,40.14,6500,40.1,U
sh603301,振德医疗,2025-09-19 10:19:51,40.19,28000,40.18,U
sh603301,振德医疗,2025-09-19 10:20:12,40.18,6100,40.18,D
sh603301,振德医疗,2025-09-19 10:20:15,40.2,16100,40.18,U
sh603301,振德医疗,2025-09-19 10:20:24,40.17,18500,40.18,D
sh603301,振德医疗,2025-09-19 10:20:39,40.12,20000,40.14,D
sh603301,振德医疗,2025-09-19 10:20:54,40.18,12000,40.15,U
sh603301,振德医疗,2025-09-19 10:21:15,40.25,13300,40.19,U
sh603301,振德医疗,2025-09-19 10:21:45,40.29,10200,40.29,D
sh603301,振德医疗,2025-09-19 10:21:48,40.26,46400,40.29,D
sh603301,振德医疗,2025-09-19 10:21:54,40.3,12200,40.24,U
sh603301,振德医疗,2025-09-19 10:23:03,40.31,30700,40.29,U
sh603301,振德医疗,2025-09-19 10:23:06,40.31,10400,40.31,U
sh603301,振德医疗,2025-09-19 10:23:18,40.32,14800,40.32,U
sh603301,振德医疗,2025-09-19 10:23:27,40.33,7000,40.33,U
sh603301,振德医疗,2025-09-19 10:23:45,40.33,5500,40.34,D
sh603301,振德医疗,2025-09-19 10:24:09,40.34,8800,40.34,U
sh603301,振德医疗,2025-09-19 10:24:24,40.34,5100,40.34,D
sh603301,振德医疗,2025-09-19 10:24:27,40.35,13400,40.34,U
sh603301,振德医疗,2025-09-19 10:24:30,40.35,10400,40.35,U
sh603301,振德医疗,2025-09-19 10:24:57,40.3,51000,40.35,D
sh603301,振德医疗,2025-09-19 10:25:00,40.2,104700,40.3,D
sh603301,振德医疗,2025-09-19 10:25:06,40.17,28600,40.24,D
sh603301,振德医疗,2025-09-19 10:25:18,40.14,24400,40.17,D
sh603301,振德医疗,2025-09-19 10:25:24,40.12,10900,40.12,D
sh603301,振德医疗,2025-09-19 10:25:39,40.11,16500,40.12,D
sh603301,振德医疗,2025-09-19 10:27:06,39.7,8400,39.7,D
sh603301,振德医疗,2025-09-19 10:27:48,39.69,6000,39.69,U
sh603301,振德医疗,2025-09-19 10:28:00,39.83,11600,39.8,U
sh603301,振德医疗,2025-09-19 10:28:30,39.8,23400,39.86,D
sh603301,振德医疗,2025-09-19 10:28:36,39.8,9900,39.75,U
sh603301,振德医疗,2025-09-19 10:29:09,39.69,6100,39.7,D
sh603301,振德医疗,2025-09-19 10:29:15,39.67,9600,39.69,D
sh603301,振德医疗,2025-09-19 10:29:18,39.66,11200,39.67,E
sh603301,振德医疗,2025-09-19 10:30:18,39.75,8900,39.64,U
sh603301,振德医疗,2025-09-19 10:30:36,39.79,6500,39.67,U
sh603301,振德医疗,2025-09-19 10:30:45,39.8,29400,39.77,U
sh603301,振德医疗,2025-09-19 10:31:00,39.88,12900,39.82,U
sh603301,振德医疗,2025-09-19 10:31:39,39.9,29500,39.94,D
sh603301,振德医疗,2025-09-19 10:31:45,39.9,19800,39.89,U
sh603301,振德医疗,2025-09-19 10:32:06,39.9,10800,39.88,U
sh603301,振德医疗,2025-09-19 10:32:21,39.97,15700,39.97,D
sh603301,振德医疗,2025-09-19 10:32:45,40.0,29600,39.98,U
sh603301,振德医疗,2025-09-19 10:32:48,40.0,8700,40.0,U
sh603301,振德医疗,2025-09-19 10:33:03,39.99,15200,40.0,D
sh603301,振德医疗,2025-09-19 10:33:21,39.98,13300,39.98,D
sh603301,振德医疗,2025-09-19 10:33:51,40.0,13300,39.99,U
sh603301,振德医疗,2025-09-19 10:34:12,40.1,7269,40.02,U
sh603301,振德医疗,2025-09-19 10:34:30,40.07,5931,40.1,D
sh603301,振德医疗,2025-09-19 10:35:06,40.01,7600,40.01,D
sh603301,振德医疗,2025-09-19 10:35:27,40.05,5600,40.04,U
sh603301,振德医疗,2025-09-19 10:35:48,40.08,8969,40.06,U
sh603301,振德医疗,2025-09-19 10:35:57,40.09,9200,40.08,U
sh603301,振德医疗,2025-09-19 10:36:06,40.1,9900,40.1,U
sh603301,振德医疗,2025-09-19 10:36:18,40.1,5900,40.1,U
sh603301,振德医疗,2025-09-19 10:36:21,40.09,10800,40.1,D
sh603301,振德医疗,2025-09-19 10:36:30,40.1,9900,40.1,U
sh603301,振德医疗,2025-09-19 10:36:33,40.09,5900,40.1,D
sh603301,振德医疗,2025-09-19 10:36:45,40.09,6300,40.09,D
sh603301,振德医疗,2025-09-19 10:36:51,40.1,10100,40.1,D
sh603301,振德医疗,2025-09-19 10:37:12,40.15,7400,40.11,U
sh603301,振德医疗,2025-09-19 10:37:21,40.15,5900,40.15,D
sh603301,振德医疗,2025-09-19 10:37:24,40.16,5400,40.15,U
sh603301,振德医疗,2025-09-19 10:37:36,40.17,7900,40.16,U
sh603301,振德医疗,2025-09-19 10:38:00,40.17,13800,40.18,D
sh603301,振德医疗,2025-09-19 10:38:03,40.19,7800,40.17,U
sh603301,振德医疗,2025-09-19 10:38:12,40.2,16500,40.19,U
sh603301,振德医疗,2025-09-19 10:38:21,40.27,12200,40.28,U
sh603301,振德医疗,2025-09-19 10:38:30,40.27,9900,40.2,U
sh603301,振德医疗,2025-09-19 10:39:09,40.2,7200,40.2,D
sh603301,振德医疗,2025-09-19 10:39:12,40.2,12100,40.2,U
sh603301,振德医疗,2025-09-19 10:39:24,40.16,11400,40.16,D
sh603301,振德医疗,2025-09-19 10:39:57,40.15,12600,40.15,D
sh603301,振德医疗,2025-09-19 10:40:09,40.06,9600,40.06,D
sh603301,振德医疗,2025-09-19 10:40:12,40.01,38800,40.06,D
sh603301,振德医疗,2025-09-19 10:40:15,39.99,40100,40.01,D
sh603301,振德医疗,2025-09-19 10:40:18,39.98,6900,39.99,D
sh603301,振德医疗,2025-09-19 10:40:21,39.97,6600,39.98,D
sh603301,振德医疗,2025-09-19 10:40:24,39.97,12300,39.97,D
sh603301,振德医疗,2025-09-19 10:40:45,39.98,9700,39.83,U
sh603301,振德医疗,2025-09-19 10:41:03,39.98,5400,39.97,U
sh603301,振德医疗,2025-09-19 10:41:09,39.97,22000,39.98,D
sh603301,振德医疗,2025-09-19 10:41:18,39.99,23000,39.96,U
sh603301,振德医疗,2025-09-19 10:41:39,39.92,5900,39.92,D
sh603301,振德医疗,2025-09-19 10:41:45,39.83,12100,39.92,D
sh603301,振德医疗,2025-09-19 10:42:00,39.95,14400,39.83,U
sh603301,振德医疗,2025-09-19 10:42:12,39.95,5400,39.83,U
sh603301,振德医疗,2025-09-19 10:42:24,39.94,6900,39.96,D
sh603301,振德医疗,2025-09-19 10:43:18,39.94,6600,39.94,D
sh603301,振德医疗,2025-09-19 10:44:00,39.94,23500,39.95,D
sh603301,振德医疗,2025-09-19 10:44:21,39.85,13900,39.85,U
sh603301,振德医疗,2025-09-19 10:45:03,39.9,6900,39.9,U
sh603301,振德医疗,2025-09-19 10:45:39,39.94,9100,39.94,D
sh603301,振德医疗,2025-09-19 10:48:15,40.01,26500,39.97,U
sh603301,振德医疗,2025-09-19 10:50:21,40.06,15000,40.01,U
sh603301,振德医疗,2025-09-19 10:58:18,39.89,9500,39.89,D
sh603301,振德医疗,2025-09-19 10:58:36,39.83,5300,39.84,D
sh603301,振德医疗,2025-09-19 10:59:24,39.76,7300,39.82,D
sh603301,振德医疗,2025-09-19 11:01:45,39.78,6000,39.79,U
sh603301,振德医疗,2025-09-19 11:01:54,39.78,5500,39.81,D
sh603301,振德医疗,2025-09-19 11:02:15,39.78,15900,39.77,U
sh603301,振德医疗,2025-09-19 11:02:45,39.72,10400,39.77,D
sh603301,振德医疗,2025-09-19 11:03:42,39.7,7700,39.7,U
sh603301,振德医疗,2025-09-19 11:04:21,39.64,9100,39.65,D
sh603301,振德医疗,2025-09-19 11:05:39,39.64,9200,39.7,D
sh603301,振德医疗,2025-09-19 11:09:48,39.74,7600,39.74,U
sh603301,振德医疗,2025-09-19 11:09:51,39.75,11000,39.74,U
sh603301,振德医疗,2025-09-19 11:09:57,39.74,5800,39.75,D
sh603301,振德医疗,2025-09-19 11:10:00,39.75,10200,39.74,U
sh603301,振德医疗,2025-09-19 11:10:03,39.75,25700,39.75,U
sh603301,振德医疗,2025-09-19 11:10:18,39.78,19700,39.78,U
sh603301,振德医疗,2025-09-19 11:12:24,40.01,7500,40.01,D
sh603301,振德医疗,2025-09-19 11:13:27,39.99,6300,39.99,D
sh603301,振德医疗,2025-09-19 11:14:12,39.99,5400,39.98,U
sh603301,振德医疗,2025-09-19 11:14:21,39.99,8300,40.0,D
sh603301,振德医疗,2025-09-19 11:15:00,39.96,6300,39.98,D
sh603301,振德医疗,2025-09-19 11:15:03,39.92,24900,39.96,D
sh603301,振德医疗,2025-09-19 11:17:21,39.98,6100,39.98,D
sh603301,振德医疗,2025-09-19 11:17:51,40.02,5300,40.02,D
sh603301,振德医疗,2025-09-19 11:18:36,40.05,6429,40.07,D
sh603301,振德医疗,2025-09-19 11:19:12,40.02,13600,40.05,D
sh603301,振德医疗,2025-09-19 11:19:15,40.0,5900,40.02,D
sh603301,振德医疗,2025-09-19 11:20:12,39.97,6100,39.97,D
sh603301,振德医疗,2025-09-19 11:20:21,39.97,6900,39.98,D
sh603301,振德医疗,2025-09-19 11:20:33,39.98,5500,39.97,U
sh603301,振德医疗,2025-09-19 11:21:21,39.98,8100,39.98,D
sh603301,振德医疗,2025-09-19 11:21:48,39.93,8900,39.93,D
sh603301,振德医疗,2025-09-19 11:22:06,39.99,15200,39.97,U
sh603301,振德医疗,2025-09-19 11:24:06,40.05,8900,40.07,D
sh603301,振德医疗,2025-09-19 11:24:12,40.07,10200,40.05,U
sh603301,振德医疗,2025-09-19 11:24:27,40.1,6500,40.07,U
sh603301,振德医疗,2025-09-19 11:24:51,40.08,6000,40.08,D
sh603301,振德医疗,2025-09-19 13:00:15,39.88,9200,39.89,D
sh603301,振德医疗,2025-09-19 13:01:15,39.68,36900,39.73,D
sh603301,振德医疗,2025-09-19 13:02:33,39.63,18400,39.66,D
sh603301,振德医疗,2025-09-19 13:02:57,39.63,21400,39.63,D
sh603301,振德医疗,2025-09-19 13:03:57,39.63,46000,39.57,U
sh603301,振德医疗,2025-09-19 13:05:30,39.67,8200,39.66,U
sh603301,振德医疗,2025-09-19 13:05:48,39.63,11700,39.64,D
sh603301,振德医疗,2025-09-19 13:05:54,39.59,9700,39.6,D
sh603301,振德医疗,2025-09-19 13:08:12,39.64,5600,39.63,U
sh603301,振德医疗,2025-09-19 13:08:42,39.57,8500,39.57,D
sh603301,振德医疗,2025-09-19 13:08:45,39.57,26100,39.57,D
sh603301,振德医疗,2025-09-19 13:08:48,39.57,19600,39.57,D
sh603301,振德医疗,2025-09-19 13:10:33,39.52,9000,39.55,D
sh603301,振德医疗,2025-09-19 13:12:06,39.6,10800,39.63,D
sh603301,振德医疗,2025-09-19 13:12:09,39.59,13600,39.6,D
sh603301,振德医疗,2025-09-19 13:12:48,39.51,7300,39.54,D
sh603301,振德医疗,2025-09-19 13:13:03,39.5,6900,39.5,D
sh603301,振德医疗,2025-09-19 13:13:06,39.44,19500,39.5,D
sh603301,振德医疗,2025-09-19 13:13:30,39.37,7700,39.36,U
sh603301,振德医疗,2025-09-19 13:13:51,39.4,16000,39.4,U
sh603301,振德医疗,2025-09-19 13:14:18,39.46,10200,39.47,D
sh603301,振德医疗,2025-09-19 13:14:54,39.33,7500,39.33,D
sh603301,振德医疗,2025-09-19 13:15:15,39.42,16100,39.43,U
sh603301,振德医疗,2025-09-19 13:15:21,39.5,14700,39.45,U
sh603301,振德医疗,2025-09-19 13:15:51,39.46,8500,39.48,D
sh603301,振德医疗,2025-09-19 13:16:09,39.45,6500,39.42,U
sh603301,振德医疗,2025-09-19 13:19:39,39.36,6200,39.36,D
sh603301,振德医疗,2025-09-19 13:20:57,39.37,7800,39.35,U
sh603301,振德医疗,2025-09-19 13:22:36,39.31,8700,39.31,D
sh603301,振德医疗,2025-09-19 13:22:51,39.31,7100,39.31,D
sh603301,振德医疗,2025-09-19 13:23:15,39.31,5500,39.3,U
sh603301,振德医疗,2025-09-19 13:23:18,39.3,15100,39.31,D
sh603301,振德医疗,2025-09-19 13:23:57,39.21,7700,39.25,D
sh603301,振德医疗,2025-09-19 13:27:06,39.11,13000,39.11,D
sh603301,振德医疗,2025-09-19 13:27:15,39.1,15900,39.1,D
sh603301,振德医疗,2025-09-19 13:27:18,39.1,11200,39.1,D
sh603301,振德医疗,2025-09-19 13:27:21,39.1,15000,39.1,U
sh603301,振德医疗,2025-09-19 13:27:48,39.22,7800,39.22,D
sh603301,振德医疗,2025-09-19 13:27:51,39.26,6200,39.22,U
sh603301,振德医疗,2025-09-19 13:27:54,39.27,8000,39.26,E
sh603301,振德医疗,2025-09-19 13:28:00,39.4,6300,39.29,U
sh603301,振德医疗,2025-09-19 13:28:12,39.29,18700,39.33,D
sh603301,振德医疗,2025-09-19 13:28:15,39.25,5400,39.29,D
sh603301,振德医疗,2025-09-19 13:28:27,39.35,8300,39.3,U
sh603301,振德医疗,2025-09-19 13:29:54,39.44,7300,39.45,D
sh603301,振德医疗,2025-09-19 13:30:45,39.4,6700,39.44,D
sh603301,振德医疗,2025-09-19 13:30:51,39.44,10200,39.39,U
sh603301,振德医疗,2025-09-19 13:31:15,39.45,12500,39.49,D
sh603301,振德医疗,2025-09-19 13:31:21,39.49,6800,39.44,U
sh603301,振德医疗,2025-09-19 13:31:30,39.47,11200,39.49,D
sh603301,振德医疗,2025-09-19 13:32:48,39.58,7300,39.56,U
sh603301,振德医疗,2025-09-19 13:33:15,39.65,9200,39.64,U
sh603301,振德医疗,2025-09-19 13:33:39,39.66,8900,39.59,U
sh603301,振德医疗,2025-09-19 13:34:00,39.66,7900,39.65,D
sh603301,振德医疗,2025-09-19 13:34:03,39.58,17300,39.66,D
sh603301,振德医疗,2025-09-19 13:34:06,39.54,6800,39.58,D
sh603301,振德医疗,2025-09-19 13:34:24,39.59,9100,39.57,U
sh603301,振德医疗,2025-09-19 13:34:45,39.62,8400,39.64,D
sh603301,振德医疗,2025-09-19 13:34:51,39.66,7000,39.62,U
sh603301,振德医疗,2025-09-19 13:34:57,39.61,9400,39.62,D
sh603301,振德医疗,2025-09-19 13:35:24,39.61,10500,39.57,U
sh603301,振德医疗,2025-09-19 13:35:33,39.62,6100,39.61,U
sh603301,振德医疗,2025-09-19 13:35:48,39.64,9000,39.63,U
sh603301,振德医疗,2025-09-19 13:35:51,39.63,8600,39.64,D
sh603301,振德医疗,2025-09-19 13:36:30,39.7,5100,39.67,U
sh603301,振德医疗,2025-09-19 13:36:33,39.7,7300,39.7,U
sh603301,振德医疗,2025-09-19 13:36:48,39.73,6500,39.71,U
sh603301,振德医疗,2025-09-19 13:37:03,39.62,10300,39.69,D
sh603301,振德医疗,2025-09-19 13:37:12,39.62,8700,39.58,U
sh603301,振德医疗,2025-09-19 13:37:15,39.6,11100,39.62,D
sh603301,振德医疗,2025-09-19 13:38:09,39.71,8800,39.67,U
sh603301,振德医疗,2025-09-19 13:38:39,39.66,6400,39.67,D
sh603301,振德医疗,2025-09-19 13:38:54,39.73,7300,39.72,U
sh603301,振德医疗,2025-09-19 13:39:00,39.78,5500,39.73,U
sh603301,振德医疗,2025-09-19 13:39:18,39.83,5100,39.84,D
sh603301,振德医疗,2025-09-19 13:39:39,39.8,9000,39.79,U
sh603301,振德医疗,2025-09-19 13:41:06,39.78,9600,39.83,D
sh603301,振德医疗,2025-09-19 13:46:09,39.65,5100,39.65,D
sh603301,振德医疗,2025-09-19 13:46:12,39.65,15800,39.65,D
sh603301,振德医疗,2025-09-19 13:46:15,39.66,5300,39.65,U
sh603301,振德医疗,2025-09-19 13:46:21,39.65,11500,39.66,D
sh603301,振德医疗,2025-09-19 13:49:09,39.56,38500,39.52,U
sh603301,振德医疗,2025-09-19 13:49:27,39.65,7000,39.65,U
sh603301,振德医疗,2025-09-19 13:50:12,39.59,13600,39.65,D
sh603301,振德医疗,2025-09-19 13:53:45,39.56,5500,39.58,D
sh603301,振德医疗,2025-09-19 13:58:18,39.48,7300,39.46,U
sh603301,振德医疗,2025-09-19 13:59:03,39.55,11000,39.57,D
sh603301,振德医疗,2025-09-19 13:59:09,39.63,13100,39.55,U
sh603301,振德医疗,2025-09-19 13:59:21,39.63,8500,39.63,D
sh603301,振德医疗,2025-09-19 13:59:36,39.63,5800,39.63,D
sh603301,振德医疗,2025-09-19 14:06:45,39.61,7000,39.6,U
sh603301,振德医疗,2025-09-19 14:08:00,39.58,9300,39.6,D
sh603301,振德医疗,2025-09-19 14:09:03,39.58,13300,39.57,U
sh603301,振德医疗,2025-09-19 14:11:12,39.62,9000,39.62,E
sh603301,振德医疗,2025-09-19 14:16:18,39.65,7000,39.65,U
sh603301,振德医疗,2025-09-19 14:16:21,39.64,6800,39.65,D
sh603301,振德医疗,2025-09-19 14:17:42,39.64,9500,39.64,D
sh603301,振德医疗,2025-09-19 14:23:03,39.65,41200,39.61,U
sh603301,振德医疗,2025-09-19 14:23:06,39.64,6800,39.65,D
sh603301,振德医疗,2025-09-19 14:23:09,39.65,7300,39.64,U
sh603301,振德医疗,2025-09-19 14:23:21,39.65,16600,39.65,U
sh603301,振德医疗,2025-09-19 14:27:18,39.64,9400,39.62,U
sh603301,振德医疗,2025-09-19 14:30:15,39.62,6500,39.64,D
sh603301,振德医疗,2025-09-19 14:30:18,39.65,7800,39.62,U
sh603301,振德医疗,2025-09-19 14:34:06,39.69,7900,39.68,U
sh603301,振德医疗,2025-09-19 14:35:21,39.79,20100,39.75,U
sh603301,振德医疗,2025-09-19 14:40:42,39.7,6058,39.71,D
sh603301,振德医疗,2025-09-19 14:41:36,39.68,5100,39.7,D
sh603301,振德医疗,2025-09-19 14:42:21,39.69,6200,39.71,D
sh603301,振德医疗,2025-09-19 14:42:30,39.67,6800,39.68,D
sh603301,振德医疗,2025-09-19 14:42:36,39.67,7300,39.67,D
sh603301,振德医疗,2025-09-19 14:42:39,39.67,8100,39.67,D
sh603301,振德医疗,2025-09-19 14:43:09,39.66,6200,39.66,D
sh603301,振德医疗,2025-09-19 14:43:24,39.79,6900,39.76,U
sh603301,振德医疗,2025-09-19 14:43:30,39.8,5400,39.79,U
sh603301,振德医疗,2025-09-19 14:43:36,39.78,9700,39.79,E
sh603301,振德医疗,2025-09-19 14:43:45,39.79,5600,39.8,D
sh603301,振德医疗,2025-09-19 14:43:48,39.76,11800,39.79,D
sh603301,振德医疗,2025-09-19 14:43:51,39.74,11400,39.76,D
sh603301,振德医疗,2025-09-19 14:45:06,39.73,16100,39.75,D
sh603301,振德医疗,2025-09-19 14:45:21,39.76,9500,39.75,U
sh603301,振德医疗,2025-09-19 14:45:33,39.79,11000,39.79,U
sh603301,振德医疗,2025-09-19 14:45:36,39.79,16500,39.79,D
sh603301,振德医疗,2025-09-19 14:46:12,39.86,21000,39.84,U
sh603301,振德医疗,2025-09-19 14:46:18,39.81,16500,39.86,D
sh603301,振德医疗,2025-09-19 14:46:21,39.81,11200,39.81,D
sh603301,振德医疗,2025-09-19 14:46:27,39.8,8700,39.82,D
sh603301,振德医疗,2025-09-19 14:46:57,39.88,5400,39.87,U
sh603301,振德医疗,2025-09-19 14:47:03,39.88,7800,39.88,D
sh603301,振德医疗,2025-09-19 14:47:06,39.89,19400,39.88,U
sh603301,振德医疗,2025-09-19 14:47:12,39.84,17500,39.88,D
sh603301,振德医疗,2025-09-19 14:47:15,39.81,16700,39.84,D
sh603301,振德医疗,2025-09-19 14:47:21,39.92,28100,39.8,U
sh603301,振德医疗,2025-09-19 14:47:33,39.9,7400,39.88,U
sh603301,振德医疗,2025-09-19 14:47:36,39.87,6400,39.9,D
sh603301,振德医疗,2025-09-19 14:47:39,39.91,9200,39.87,U
sh603301,振德医疗,2025-09-19 14:47:48,39.93,5400,39.89,U
sh603301,振德医疗,2025-09-19 14:48:06,39.88,24400,39.95,D
sh603301,振德医疗,2025-09-19 14:48:09,39.9,12600,39.88,E
sh603301,振德医疗,2025-09-19 14:48:30,39.95,7900,39.95,U
sh603301,振德医疗,2025-09-19 14:48:42,39.98,6500,39.96,U
sh603301,振德医疗,2025-09-19 14:48:45,39.96,22600,39.98,D
sh603301,振德医疗,2025-09-19 14:48:51,39.95,11100,39.96,D
sh603301,振德医疗,2025-09-19 14:49:03,39.91,9100,39.91,D
sh603301,振德医疗,2025-09-19 14:49:09,39.83,20800,39.82,D
sh603301,振德医疗,2025-09-19 14:49:12,39.84,16800,39.83,E
sh603301,振德医疗,2025-09-19 14:49:18,39.9,6500,39.86,D
sh603301,振德医疗,2025-09-19 14:49:24,39.89,23900,39.89,D
sh603301,振德医疗,2025-09-19 14:49:48,39.93,9800,39.93,D
sh603301,振德医疗,2025-09-19 14:49:51,39.93,12200,39.93,D
sh603301,振德医疗,2025-09-19 14:49:57,39.93,11900,39.94,D
sh603301,振德医疗,2025-09-19 14:50:06,39.97,8300,39.93,U
sh603301,振德医疗,2025-09-19 14:50:15,39.94,14400,39.94,D
sh603301,振德医疗,2025-09-19 14:50:18,39.9,12700,39.94,D
sh603301,振德医疗,2025-09-19 14:50:24,39.94,12900,39.9,U
sh603301,振德医疗,2025-09-19 14:50:27,39.94,6700,39.94,D
sh603301,振德医疗,2025-09-19 14:50:33,39.93,30200,39.94,D
sh603301,振德医疗,2025-09-19 14:50:36,39.96,16600,39.93,U
sh603301,振德医疗,2025-09-19 14:50:42,39.92,12500,39.95,D
sh603301,振德医疗,2025-09-19 14:50:51,39.96,5800,39.93,E
sh603301,振德医疗,2025-09-19 14:50:57,39.98,19600,39.97,U
sh603301,振德医疗,2025-09-19 14:51:00,39.98,8300,39.98,D
sh603301,振德医疗,2025-09-19 14:51:06,39.97,32000,39.98,D
sh603301,振德医疗,2025-09-19 14:51:09,39.97,21700,39.97,D
sh603301,振德医疗,2025-09-19 14:51:12,39.96,13200,39.97,D
sh603301,振德医疗,2025-09-19 14:51:18,39.91,20300,39.92,D
sh603301,振德医疗,2025-09-19 14:51:21,39.91,5900,39.91,D
sh603301,振德医疗,2025-09-19 14:51:24,39.9,9300,39.91,D
sh603301,振德医疗,2025-09-19 14:51:27,39.92,55300,39.9,U
sh603301,振德医疗,2025-09-19 14:51:30,39.92,8800,39.92,D
sh603301,振德医疗,2025-09-19 14:51:33,39.9,19800,39.92,D
sh603301,振德医疗,2025-09-19 14:51:42,39.97,6700,39.92,U
sh603301,振德医疗,2025-09-19 14:51:45,39.98,58300,39.97,U
sh603301,振德医疗,2025-09-19 14:51:48,40.01,5200,39.98,U
sh603301,振德医疗,2025-09-19 14:51:51,40.01,5000,40.01,E
sh603301,振德医疗,2025-09-19 14:52:00,40.03,5700,40.02,U
sh603301,振德医疗,2025-09-19 14:52:03,40.05,5600,40.03,U
sh603301,振德医疗,2025-09-19 14:52:21,40.1,5500,40.09,U
sh603301,振德医疗,2025-09-19 14:52:24,40.1,26100,40.1,U
sh603301,振德医疗,2025-09-19 14:52:27,40.1,7100,40.1,D
sh603301,振德医疗,2025-09-19 14:52:33,40.1,12000,40.1,D
sh603301,振德医疗,2025-09-19 14:52:39,40.1,32729,40.1,D
sh603301,振德医疗,2025-09-19 14:52:45,40.09,12200,40.08,U
sh603301,振德医疗,2025-09-19 14:52:48,40.08,6000,40.09,D
sh603301,振德医疗,2025-09-19 14:52:51,40.1,18600,40.08,U
sh603301,振德医疗,2025-09-19 14:52:57,40.1,8071,40.09,U
sh603301,振德医疗,2025-09-19 14:53:03,40.12,6300,40.1,U
sh603301,振德医疗,2025-09-19 14:53:06,40.15,10000,40.12,U
sh603301,振德医疗,2025-09-19 14:53:09,40.15,11500,40.15,U
sh603301,振德医疗,2025-09-19 14:53:15,40.17,8300,40.16,U
sh603301,振德医疗,2025-09-19 14:53:21,40.14,30300,40.18,D
sh603301,振德医疗,2025-09-19 14:53:24,40.12,19700,40.14,D
sh603301,振德医疗,2025-09-19 14:53:27,40.13,5700,40.12,U
sh603301,振德医疗,2025-09-19 14:53:30,40.14,7200,40.13,U
sh603301,振德医疗,2025-09-19 14:53:33,40.09,5400,40.14,D
sh603301,振德医疗,2025-09-19 14:53:36,40.09,14000,40.09,D
sh603301,振德医疗,2025-09-19 14:53:39,40.12,5200,40.09,U
sh603301,振德医疗,2025-09-19 14:53:54,40.13,6800,40.13,D
sh603301,振德医疗,2025-09-19 14:54:00,40.14,5200,40.14,U
sh603301,振德医疗,2025-09-19 14:54:03,40.13,10900,40.14,D
sh603301,振德医疗,2025-09-19 14:54:06,40.13,15600,40.13,D
sh603301,振德医疗,2025-09-19 14:54:15,40.05,70700,40.14,D
sh603301,振德医疗,2025-09-19 14:54:18,40.1,17900,40.05,U
sh603301,振德医疗,2025-09-19 14:54:21,40.05,11100,40.1,D
sh603301,振德医疗,2025-09-19 14:54:27,40.06,10400,40.06,U
sh603301,振德医疗,2025-09-19 14:54:30,40.05,13800,40.06,D
sh603301,振德医疗,2025-09-19 14:54:36,40.11,6800,40.07,U
sh603301,振德医疗,2025-09-19 14:54:39,40.11,11400,40.11,U
sh603301,振德医疗,2025-09-19 14:54:45,40.11,5000,40.1,U
sh603301,振德医疗,2025-09-19 14:54:54,40.12,10200,40.1,U
sh603301,振德医疗,2025-09-19 14:55:00,40.1,5400,40.09,E
sh603301,振德医疗,2025-09-19 14:55:06,40.1,5000,40.1,U
sh603301,振德医疗,2025-09-19 14:55:09,40.1,15500,40.1,D
sh603301,振德医疗,2025-09-19 14:55:18,40.13,13400,40.14,D
sh603301,振德医疗,2025-09-19 14:55:21,40.1,32800,40.13,D
sh603301,振德医疗,2025-09-19 14:55:24,40.09,22500,40.1,D
sh603301,振德医疗,2025-09-19 14:55:27,40.09,5500,40.09,U
sh603301,振德医疗,2025-09-19 14:55:30,40.08,21400,40.09,D
sh603301,振德医疗,2025-09-19 14:55:39,40.06,5200,40.05,U
sh603301,振德医疗,2025-09-19 14:55:42,40.03,18000,40.06,D
sh603301,振德医疗,2025-09-19 14:55:45,40.03,8500,40.03,D
sh603301,振德医疗,2025-09-19 14:56:03,39.93,11200,39.95,D
sh603301,振德医疗,2025-09-19 14:56:06,39.91,15900,39.93,D
sh603301,振德医疗,2025-09-19 14:56:09,39.9,17500,39.91,D
sh603301,振德医疗,2025-09-19 14:56:21,39.93,10900,39.93,D
sh603301,振德医疗,2025-09-19 14:56:24,39.96,12300,39.93,U
sh603301,振德医疗,2025-09-19 14:56:27,39.98,8600,39.96,U
sh603301,振德医疗,2025-09-19 14:56:30,39.96,6900,39.98,D
sh603301,振德医疗,2025-09-19 14:56:36,39.94,5700,39.94,D
sh603301,振德医疗,2025-09-19 14:56:39,39.95,7300,39.94,U
sh603301,振德医疗,2025-09-19 14:56:42,39.94,5500,39.95,U
sh603301,振德医疗,2025-09-19 14:56:51,39.93,8000,39.95,D
sh603301,振德医疗,2025-09-19 14:56:54,39.94,10200,39.93,U
sh603301,振德医疗,2025-09-19 14:56:57,39.93,5300,39.94,D
sh603301,振德医疗,2025-09-19 14:57:00,39.93,15200,39.93,D
sh603301,振德医疗,2025-09-19 15:00:03,39.95,259800,39.93,U
